%YAML 1.1
%TAG !u! tag:unity3d.com,2011:
--- !u!29 &1
SceneSettings:
  m_ObjectHideFlags: 0
  m_PVSData: 
  m_PVSObjectsArray: []
  m_PVSPortalsArray: []
  m_OcclusionBakeSettings:
    smallestOccluder: 5
    smallestHole: .25
    backfaceThreshold: 100
--- !u!104 &2
RenderSettings:
  m_ObjectHideFlags: 0
  serializedVersion: 6
  m_Fog: 0
  m_FogColor: {r: 0, g: 0, b: 0, a: 1}
  m_FogMode: 3
  m_FogDensity: .00499999989
  m_LinearFogStart: 0
  m_LinearFogEnd: 300
  m_AmbientSkyColor: {r: 0, g: 0, b: 0, a: 1}
  m_AmbientEquatorColor: {r: 0, g: 0, b: 0, a: 1}
  m_AmbientGroundColor: {r: 0, g: 0, b: 0, a: 1}
  m_AmbientIntensity: 1
  m_AmbientMode: 3
  m_SkyboxMaterial: {fileID: 2100000, guid: a2126534b3a11b34e977105bd9e3cc03, type: 2}
  m_HaloStrength: .5
  m_FlareStrength: 1
  m_FlareFadeSpeed: 3
  m_HaloTexture: {fileID: 0}
  m_SpotCookie: {fileID: 10001, guid: 0000000000000000e000000000000000, type: 0}
  m_DefaultReflectionMode: 0
  m_DefaultReflectionResolution: 128
  m_ReflectionBounces: 1
  m_ReflectionIntensity: 1
  m_CustomReflection: {fileID: 0}
  m_Sun: {fileID: 0}
--- !u!157 &4
LightmapSettings:
  m_ObjectHideFlags: 0
  serializedVersion: 5
  m_GIWorkflowMode: 1
  m_LightmapsMode: 1
  m_GISettings:
    serializedVersion: 2
    m_BounceScale: 1
    m_IndirectOutputScale: 1
    m_AlbedoBoost: 1
    m_TemporalCoherenceThreshold: 1
    m_EnvironmentLightingMode: 0
    m_EnableBakedLightmaps: 1
    m_EnableRealtimeLightmaps: 0
  m_LightmapEditorSettings:
    serializedVersion: 3
    m_Resolution: 1
    m_BakeResolution: 15
    m_TextureWidth: 1024
    m_TextureHeight: 1024
    m_AOMaxDistance: 1
    m_Padding: 2
    m_CompAOExponent: 0
    m_LightmapParameters: {fileID: 0}
    m_TextureCompression: 0
    m_FinalGather: 0
    m_FinalGatherRayCount: 1024
    m_ReflectionCompression: 2
  m_LightmapSnapshot: {fileID: 0}
  m_RuntimeCPUUsage: 25
--- !u!196 &105
NavMeshSettings:
  serializedVersion: 2
  m_ObjectHideFlags: 0
  m_BuildSettings:
    serializedVersion: 2
    agentRadius: .5
    agentHeight: 2
    agentSlope: 45
    agentClimb: .400000006
    ledgeDropHeight: 0
    maxJumpAcrossDistance: 0
    accuratePlacement: 0
    minRegionArea: 2
    cellSize: .166666657
    manualCellSize: 0
  m_NavMeshData: {fileID: 0}
--- !u!1 &44373414
GameObject:
  m_ObjectHideFlags: 0
  m_PrefabParentObject: {fileID: 100014, guid: 821a36a3d4e7a48a2bc880cfd9dd993c, type: 2}
  m_PrefabInternal: {fileID: 0}
  serializedVersion: 4
  m_Component:
  - 4: {fileID: 44373415}
  - 33: {fileID: 44373418}
  - 23: {fileID: 44373417}
  - 64: {fileID: 44373416}
  m_Layer: 0
  m_Name: tile15_floor
  m_TagString: Untagged
  m_Icon: {fileID: 0}
  m_NavMeshLayer: 0
  m_StaticEditorFlags: 4294967295
  m_IsActive: 1
--- !u!4 &44373415
Transform:
  m_ObjectHideFlags: 0
  m_PrefabParentObject: {fileID: 400014, guid: 821a36a3d4e7a48a2bc880cfd9dd993c, type: 2}
  m_PrefabInternal: {fileID: 0}
  m_GameObject: {fileID: 44373414}
  m_LocalRotation: {x: -.707106829, y: -1.1920929e-07, z: -1.1920929e-07, w: .707106829}
  m_LocalPosition: {x: -95.1303787, y: 59.1410408, z: 223.806702}
  m_LocalScale: {x: .153498217, y: 1, z: 1}
  m_Children: []
  m_Father: {fileID: 1344536026}
  m_RootOrder: 1
--- !u!64 &44373416
MeshCollider:
  m_ObjectHideFlags: 0
  m_PrefabParentObject: {fileID: 6400008, guid: 821a36a3d4e7a48a2bc880cfd9dd993c,
    type: 2}
  m_PrefabInternal: {fileID: 0}
  m_GameObject: {fileID: 44373414}
  m_Material: {fileID: 13400000, guid: 5410a64fad11e8d6d00011d98d76c639, type: 2}
  m_IsTrigger: 0
  m_Enabled: 1
  serializedVersion: 2
  m_Convex: 0
  m_Mesh: {fileID: 4300002, guid: b60ad501690194c7bb050feab29294dc, type: 3}
--- !u!23 &44373417
MeshRenderer:
  m_ObjectHideFlags: 0
  m_PrefabParentObject: {fileID: 2300008, guid: 821a36a3d4e7a48a2bc880cfd9dd993c,
    type: 2}
  m_PrefabInternal: {fileID: 0}
  m_GameObject: {fileID: 44373414}
  m_Enabled: 1
  m_CastShadows: 1
  m_ReceiveShadows: 1
  m_Materials:
  - {fileID: 2100000, guid: 5504b3f852abd4a9aba674539e4c876e, type: 2}
  m_SubsetIndices: 
  m_StaticBatchRoot: {fileID: 0}
  m_UseLightProbes: 0
  m_ReflectionProbeUsage: 1
  m_ProbeAnchor: {fileID: 0}
  m_ScaleInLightmap: 1
  m_PreserveUVs: 0
  m_ImportantGI: 0
  m_AutoUVMaxDistance: .5
  m_AutoUVMaxAngle: 89
  m_LightmapParameters: {fileID: 0}
  m_SortingLayerID: 0
  m_SortingOrder: 0
--- !u!33 &44373418
MeshFilter:
  m_ObjectHideFlags: 0
  m_PrefabParentObject: {fileID: 3300008, guid: 821a36a3d4e7a48a2bc880cfd9dd993c,
    type: 2}
  m_PrefabInternal: {fileID: 0}
  m_GameObject: {fileID: 44373414}
  m_Mesh: {fileID: 4300002, guid: b60ad501690194c7bb050feab29294dc, type: 3}
--- !u!1 &127075583
GameObject:
  m_ObjectHideFlags: 0
  m_PrefabParentObject: {fileID: 100000, guid: f8eb00a394ccb4c6997d3ed3c38c5d44, type: 2}
  m_PrefabInternal: {fileID: 0}
  serializedVersion: 4
  m_Component:
  - 4: {fileID: 127075584}
  m_Layer: 0
  m_Name: Hole
  m_TagString: Untagged
  m_Icon: {fileID: 0}
  m_NavMeshLayer: 0
  m_StaticEditorFlags: 0
  m_IsActive: 1
--- !u!4 &127075584
Transform:
  m_ObjectHideFlags: 0
  m_PrefabParentObject: {fileID: 400000, guid: f8eb00a394ccb4c6997d3ed3c38c5d44, type: 2}
  m_PrefabInternal: {fileID: 0}
  m_GameObject: {fileID: 127075583}
  m_LocalRotation: {x: 0, y: 0, z: 0, w: 1}
  m_LocalPosition: {x: 0, y: 0, z: 0}
  m_LocalScale: {x: 1, y: 1, z: 1}
  m_Children:
  - {fileID: 2023332611}
  - {fileID: 1949166182}
  m_Father: {fileID: 0}
  m_RootOrder: 3
--- !u!1 &181339885
GameObject:
  m_ObjectHideFlags: 0
  m_PrefabParentObject: {fileID: 100004, guid: 707f271b2a6264ce59d306fa4851ad3f, type: 2}
  m_PrefabInternal: {fileID: 1225147737}
  serializedVersion: 4
  m_Component:
  - 4: {fileID: 181339886}
  - 33: {fileID: 181339889}
  - 23: {fileID: 181339888}
  - 64: {fileID: 181339887}
  m_Layer: 0
  m_Name: tile18_floor
  m_TagString: Untagged
  m_Icon: {fileID: 0}
  m_NavMeshLayer: 0
  m_StaticEditorFlags: 4294967295
  m_IsActive: 1
--- !u!4 &181339886
Transform:
  m_ObjectHideFlags: 0
  m_PrefabParentObject: {fileID: 400004, guid: 707f271b2a6264ce59d306fa4851ad3f, type: 2}
  m_PrefabInternal: {fileID: 1225147737}
  m_GameObject: {fileID: 181339885}
  m_LocalRotation: {x: -.707106829, y: 0, z: -0, w: .707106829}
  m_LocalPosition: {x: 0, y: 0, z: 0}
  m_LocalScale: {x: 1, y: 1, z: 1}
  m_Children: []
  m_Father: {fileID: 1079176445}
  m_RootOrder: 0
--- !u!64 &181339887
MeshCollider:
  m_ObjectHideFlags: 0
  m_PrefabParentObject: {fileID: 6400004, guid: 707f271b2a6264ce59d306fa4851ad3f,
    type: 2}
  m_PrefabInternal: {fileID: 1225147737}
  m_GameObject: {fileID: 181339885}
  m_Material: {fileID: 13400000, guid: 5410a64fad11e8d6d00011d98d76c639, type: 2}
  m_IsTrigger: 0
  m_Enabled: 1
  serializedVersion: 2
  m_Convex: 0
  m_Mesh: {fileID: 4300002, guid: 19cd740d4662e480ab8c18306c74b538, type: 3}
--- !u!23 &181339888
MeshRenderer:
  m_ObjectHideFlags: 0
  m_PrefabParentObject: {fileID: 2300004, guid: 707f271b2a6264ce59d306fa4851ad3f,
    type: 2}
  m_PrefabInternal: {fileID: 1225147737}
  m_GameObject: {fileID: 181339885}
  m_Enabled: 1
  m_CastShadows: 1
  m_ReceiveShadows: 1
  m_Materials:
  - {fileID: 2100000, guid: 5504b3f852abd4a9aba674539e4c876e, type: 2}
  m_SubsetIndices: 
  m_StaticBatchRoot: {fileID: 0}
  m_UseLightProbes: 0
  m_ReflectionProbeUsage: 1
  m_ProbeAnchor: {fileID: 0}
  m_ScaleInLightmap: 1
  m_PreserveUVs: 0
  m_ImportantGI: 0
  m_AutoUVMaxDistance: .5
  m_AutoUVMaxAngle: 89
  m_LightmapParameters: {fileID: 0}
  m_SortingLayerID: 0
  m_SortingOrder: 0
--- !u!33 &181339889
MeshFilter:
  m_ObjectHideFlags: 0
  m_PrefabParentObject: {fileID: 3300004, guid: 707f271b2a6264ce59d306fa4851ad3f,
    type: 2}
  m_PrefabInternal: {fileID: 1225147737}
  m_GameObject: {fileID: 181339885}
  m_Mesh: {fileID: 4300002, guid: 19cd740d4662e480ab8c18306c74b538, type: 3}
--- !u!1 &239623616
GameObject:
  m_ObjectHideFlags: 0
  m_PrefabParentObject: {fileID: 100004, guid: 4dbc25e9a47ce4526942367cd99d2acc, type: 2}
  m_PrefabInternal: {fileID: 0}
  serializedVersion: 4
  m_Component:
  - 4: {fileID: 239623617}
  - 95: {fileID: 239623618}
  m_Layer: 0
  m_Name: tile04
  m_TagString: Untagged
  m_Icon: {fileID: 0}
  m_NavMeshLayer: 0
  m_StaticEditorFlags: 4294967295
  m_IsActive: 1
--- !u!4 &239623617
Transform:
  m_ObjectHideFlags: 0
  m_PrefabParentObject: {fileID: 400004, guid: 4dbc25e9a47ce4526942367cd99d2acc, type: 2}
  m_PrefabInternal: {fileID: 0}
  m_GameObject: {fileID: 239623616}
  m_LocalRotation: {x: 0, y: 0, z: 0, w: 1}
  m_LocalPosition: {x: 129.945023, y: -.0444793701, z: 127.994087}
  m_LocalScale: {x: 1, y: 1, z: 1}
  m_Children:
  - {fileID: 2016165078}
  - {fileID: 1574321872}
  m_Father: {fileID: 1751960821}
  m_RootOrder: 0
--- !u!95 &239623618
Animator:
  serializedVersion: 3
  m_ObjectHideFlags: 0
  m_PrefabParentObject: {fileID: 9500000, guid: 4dbc25e9a47ce4526942367cd99d2acc,
    type: 2}
  m_PrefabInternal: {fileID: 0}
  m_GameObject: {fileID: 239623616}
  m_Enabled: 1
  m_Avatar: {fileID: 9000000, guid: 642ec847cf7074ffd9840f54d8bc782a, type: 3}
  m_Controller: {fileID: 0}
  m_CullingMode: 1
  m_UpdateMode: 0
  m_ApplyRootMotion: 1
  m_LinearVelocityBlending: 0
  m_WarningMessage: 
  m_HasTransformHierarchy: 1
  m_AllowConstantClipSamplingOptimization: 1
--- !u!1 &253858837
GameObject:
  m_ObjectHideFlags: 0
  m_PrefabParentObject: {fileID: 100008, guid: f8eb00a394ccb4c6997d3ed3c38c5d44, type: 2}
  m_PrefabInternal: {fileID: 0}
  serializedVersion: 4
  m_Component:
  - 4: {fileID: 253858838}
  - 131: {fileID: 253858839}
  - 114: {fileID: 253858841}
  - 114: {fileID: 253858840}
  m_Layer: 11
  m_Name: Joystick
  m_TagString: Untagged
  m_Icon: {fileID: 0}
  m_NavMeshLayer: 0
  m_StaticEditorFlags: 0
  m_IsActive: 1
--- !u!4 &253858838
Transform:
  m_ObjectHideFlags: 0
  m_PrefabParentObject: {fileID: 400008, guid: f8eb00a394ccb4c6997d3ed3c38c5d44, type: 2}
  m_PrefabInternal: {fileID: 0}
  m_GameObject: {fileID: 253858837}
  m_LocalRotation: {x: 0, y: 0, z: 0, w: 1}
  m_LocalPosition: {x: .850000024, y: .150000006, z: 0}
  m_LocalScale: {x: .200000003, y: .200000003, z: 1}
  m_Children: []
  m_Father: {fileID: 340011351}
  m_RootOrder: 0
--- !u!131 &253858839
GUITexture:
  m_ObjectHideFlags: 0
  m_PrefabParentObject: {fileID: 13100000, guid: f8eb00a394ccb4c6997d3ed3c38c5d44,
    type: 2}
  m_PrefabInternal: {fileID: 0}
  m_GameObject: {fileID: 253858837}
  m_Enabled: 1
  m_Texture: {fileID: 2800000, guid: ae3d7049cbf2a421e8240105070db2b3, type: 3}
  m_Color: {r: .5, g: .5, b: .5, a: .5}
  m_PixelInset:
    serializedVersion: 2
    x: 0
    y: 0
    width: 0
    height: 0
  m_LeftBorder: 0
  m_RightBorder: 0
  m_TopBorder: 0
  m_BottomBorder: 0
--- !u!114 &253858840
MonoBehaviour:
  m_ObjectHideFlags: 0
  m_PrefabParentObject: {fileID: 11400004, guid: f8eb00a394ccb4c6997d3ed3c38c5d44,
    type: 2}
  m_PrefabInternal: {fileID: 0}
  m_GameObject: {fileID: 253858837}
  m_Enabled: 1
  m_EditorHideFlags: 0
  m_Script: {fileID: 11500000, guid: 03a0edf072323491db5a789c595937c3, type: 3}
  m_Name: 
  m_EditorClassIdentifier: 
--- !u!114 &253858841
MonoBehaviour:
  m_ObjectHideFlags: 0
  m_PrefabParentObject: {fileID: 11400006, guid: f8eb00a394ccb4c6997d3ed3c38c5d44,
    type: 2}
  m_PrefabInternal: {fileID: 0}
  m_GameObject: {fileID: 253858837}
  m_Enabled: 1
  m_EditorHideFlags: 0
  m_Script: {fileID: 11500000, guid: 2f695f0a603fa4011abd34cd8f9152ee, type: 3}
  m_Name: 
  m_EditorClassIdentifier: 
  touchPad: 1
  touchZone:
    x: 0
    y: 0
    width: 0
    height: 0
  deadZone: {x: 0, y: 0}
  normalize: 0
  position: {x: 0, y: 0}
  tapCount: 0
--- !u!1 &340011350
GameObject:
  m_ObjectHideFlags: 0
  m_PrefabParentObject: {fileID: 100016, guid: f8eb00a394ccb4c6997d3ed3c38c5d44, type: 2}
  m_PrefabInternal: {fileID: 0}
  serializedVersion: 4
  m_Component:
  - 4: {fileID: 340011351}
  - 20: {fileID: 340011352}
  - 92: {fileID: 340011353}
  m_Layer: 0
  m_Name: GUICamera
  m_TagString: Untagged
  m_Icon: {fileID: 0}
  m_NavMeshLayer: 0
  m_StaticEditorFlags: 0
  m_IsActive: 1
--- !u!4 &340011351
Transform:
  m_ObjectHideFlags: 0
  m_PrefabParentObject: {fileID: 400016, guid: f8eb00a394ccb4c6997d3ed3c38c5d44, type: 2}
  m_PrefabInternal: {fileID: 0}
  m_GameObject: {fileID: 340011350}
  m_LocalRotation: {x: 0, y: 0, z: 0, w: 1}
  m_LocalPosition: {x: 9.51254654, y: 11.4388161, z: 6.03006268}
  m_LocalScale: {x: 1, y: 1, z: 1}
  m_Children:
  - {fileID: 253858838}
  m_Father: {fileID: 1949166182}
  m_RootOrder: 1
--- !u!20 &340011352
Camera:
  m_ObjectHideFlags: 0
  m_PrefabParentObject: {fileID: 2000000, guid: f8eb00a394ccb4c6997d3ed3c38c5d44,
    type: 2}
  m_PrefabInternal: {fileID: 0}
  m_GameObject: {fileID: 340011350}
  m_Enabled: 1
  serializedVersion: 2
  m_ClearFlags: 3
  m_BackGroundColor: {r: 1, g: 1, b: .474509805, a: .0196078438}
  m_NormalizedViewPortRect:
    serializedVersion: 2
    x: 0
    y: 0
    width: 1
    height: 1
  near clip plane: .300000012
  far clip plane: 1000
  field of view: 65
  orthographic: 1
  orthographic size: 100
  m_Depth: 2
  m_CullingMask:
    serializedVersion: 2
    m_Bits: 2048
  m_RenderingPath: -1
  m_TargetTexture: {fileID: 0}
  m_TargetDisplay: 0
  m_TargetEye: 3
  m_HDR: 0
  m_OcclusionCulling: 1
  m_StereoConvergence: 10
  m_StereoSeparation: .0219999999
  m_StereoMirrorMode: 0
--- !u!92 &340011353
Behaviour:
  m_ObjectHideFlags: 0
  m_PrefabParentObject: {fileID: 9200000, guid: f8eb00a394ccb4c6997d3ed3c38c5d44,
    type: 2}
  m_PrefabInternal: {fileID: 0}
  m_GameObject: {fileID: 340011350}
  m_Enabled: 1
--- !u!1 &424508919
GameObject:
  m_ObjectHideFlags: 0
  m_PrefabParentObject: {fileID: 100002, guid: 707f271b2a6264ce59d306fa4851ad3f, type: 2}
  m_PrefabInternal: {fileID: 1225147737}
  serializedVersion: 4
  m_Component:
  - 4: {fileID: 424508920}
  - 33: {fileID: 424508925}
  - 23: {fileID: 424508924}
  - 64: {fileID: 424508923}
  - 114: {fileID: 424508922}
  - 65: {fileID: 424508921}
  m_Layer: 10
  m_Name: tile18_hole
  m_TagString: Untagged
  m_Icon: {fileID: 0}
  m_NavMeshLayer: 0
  m_StaticEditorFlags: 4294967295
  m_IsActive: 1
--- !u!4 &424508920
Transform:
  m_ObjectHideFlags: 0
  m_PrefabParentObject: {fileID: 400002, guid: 707f271b2a6264ce59d306fa4851ad3f, type: 2}
  m_PrefabInternal: {fileID: 1225147737}
  m_GameObject: {fileID: 424508919}
  m_LocalRotation: {x: -.707106829, y: 0, z: -0, w: .707106829}
  m_LocalPosition: {x: 0, y: 0, z: 0}
  m_LocalScale: {x: 1, y: 1, z: 1}
  m_Children:
  - {fileID: 742511969}
  m_Father: {fileID: 1079176445}
  m_RootOrder: 1
--- !u!65 &424508921
BoxCollider:
  m_ObjectHideFlags: 0
  m_PrefabParentObject: {fileID: 6500000, guid: 707f271b2a6264ce59d306fa4851ad3f,
    type: 2}
  m_PrefabInternal: {fileID: 1225147737}
  m_GameObject: {fileID: 424508919}
  m_Material: {fileID: 0}
  m_IsTrigger: 1
  m_Enabled: 1
  serializedVersion: 2
  m_Size: {x: 15.999999, y: 16.0000038, z: 13.2584333}
  m_Center: {x: -.0320506096, y: 16.0042992, z: 23}
--- !u!114 &424508922
MonoBehaviour:
  m_ObjectHideFlags: 0
  m_PrefabParentObject: {fileID: 11400000, guid: 707f271b2a6264ce59d306fa4851ad3f,
    type: 2}
  m_PrefabInternal: {fileID: 1225147737}
  m_GameObject: {fileID: 424508919}
  m_Enabled: 1
  m_EditorHideFlags: 0
  m_Script: {fileID: 11500000, guid: fc64e0e5bbdf97c43bfa5d5fd45abd33, type: 3}
  m_Name: 
  m_EditorClassIdentifier: 
--- !u!64 &424508923
MeshCollider:
  m_ObjectHideFlags: 0
  m_PrefabParentObject: {fileID: 6400002, guid: 707f271b2a6264ce59d306fa4851ad3f,
    type: 2}
  m_PrefabInternal: {fileID: 1225147737}
  m_GameObject: {fileID: 424508919}
  m_Material: {fileID: 13400000, guid: 67db31eead11e8d6d00011d98d76c639, type: 2}
  m_IsTrigger: 0
  m_Enabled: 1
  serializedVersion: 2
  m_Convex: 0
  m_Mesh: {fileID: 4300004, guid: 19cd740d4662e480ab8c18306c74b538, type: 3}
--- !u!23 &424508924
MeshRenderer:
  m_ObjectHideFlags: 0
  m_PrefabParentObject: {fileID: 2300002, guid: 707f271b2a6264ce59d306fa4851ad3f,
    type: 2}
  m_PrefabInternal: {fileID: 1225147737}
  m_GameObject: {fileID: 424508919}
  m_Enabled: 1
  m_CastShadows: 1
  m_ReceiveShadows: 1
  m_Materials:
  - {fileID: 2100000, guid: 5504b3f852abd4a9aba674539e4c876e, type: 2}
  m_SubsetIndices: 
  m_StaticBatchRoot: {fileID: 0}
  m_UseLightProbes: 0
  m_ReflectionProbeUsage: 1
  m_ProbeAnchor: {fileID: 0}
  m_ScaleInLightmap: 1
  m_PreserveUVs: 0
  m_ImportantGI: 0
  m_AutoUVMaxDistance: .5
  m_AutoUVMaxAngle: 89
  m_LightmapParameters: {fileID: 0}
  m_SortingLayerID: 0
  m_SortingOrder: 0
--- !u!33 &424508925
MeshFilter:
  m_ObjectHideFlags: 0
  m_PrefabParentObject: {fileID: 3300002, guid: 707f271b2a6264ce59d306fa4851ad3f,
    type: 2}
  m_PrefabInternal: {fileID: 1225147737}
  m_GameObject: {fileID: 424508919}
  m_Mesh: {fileID: 4300004, guid: 19cd740d4662e480ab8c18306c74b538, type: 3}
--- !u!1 &655743708
GameObject:
  m_ObjectHideFlags: 0
  m_PrefabParentObject: {fileID: 100000, guid: 821a36a3d4e7a48a2bc880cfd9dd993c, type: 2}
  m_PrefabInternal: {fileID: 0}
  serializedVersion: 4
  m_Component:
  - 4: {fileID: 655743709}
  - 33: {fileID: 655743712}
  - 23: {fileID: 655743711}
  - 64: {fileID: 655743710}
  m_Layer: 8
  m_Name: tile22_walls
  m_TagString: Untagged
  m_Icon: {fileID: 0}
  m_NavMeshLayer: 0
  m_StaticEditorFlags: 4294967295
  m_IsActive: 1
--- !u!4 &655743709
Transform:
  m_ObjectHideFlags: 0
  m_PrefabParentObject: {fileID: 400000, guid: 821a36a3d4e7a48a2bc880cfd9dd993c, type: 2}
  m_PrefabInternal: {fileID: 0}
  m_GameObject: {fileID: 655743708}
  m_LocalRotation: {x: -.707106829, y: 0, z: -0, w: .707106829}
  m_LocalPosition: {x: -60.3089142, y: 59.4326477, z: -134.054077}
  m_LocalScale: {x: 1, y: 1, z: 1}
  m_Children: []
  m_Father: {fileID: 992688024}
  m_RootOrder: 1
--- !u!64 &655743710
MeshCollider:
  m_ObjectHideFlags: 0
  m_PrefabParentObject: {fileID: 6400000, guid: 821a36a3d4e7a48a2bc880cfd9dd993c,
    type: 2}
  m_PrefabInternal: {fileID: 0}
  m_GameObject: {fileID: 655743708}
  m_Material: {fileID: 13400000, guid: 99e86ee0ad11f8d6d00011d98d76c639, type: 2}
  m_IsTrigger: 0
  m_Enabled: 1
  serializedVersion: 2
  m_Convex: 0
  m_Mesh: {fileID: 4300000, guid: 8c8fd7967377245e2aa2cc4a4158dfb1, type: 3}
--- !u!23 &655743711
MeshRenderer:
  m_ObjectHideFlags: 0
  m_PrefabParentObject: {fileID: 2300000, guid: 821a36a3d4e7a48a2bc880cfd9dd993c,
    type: 2}
  m_PrefabInternal: {fileID: 0}
  m_GameObject: {fileID: 655743708}
  m_Enabled: 1
  m_CastShadows: 1
  m_ReceiveShadows: 1
  m_Materials:
  - {fileID: 2100000, guid: cf02aba9bfd84444d8107e5f91af0621, type: 2}
  m_SubsetIndices: 
  m_StaticBatchRoot: {fileID: 0}
  m_UseLightProbes: 0
  m_ReflectionProbeUsage: 1
  m_ProbeAnchor: {fileID: 0}
  m_ScaleInLightmap: 1
  m_PreserveUVs: 0
  m_ImportantGI: 0
  m_AutoUVMaxDistance: .5
  m_AutoUVMaxAngle: 89
  m_LightmapParameters: {fileID: 0}
  m_SortingLayerID: 0
  m_SortingOrder: 0
--- !u!33 &655743712
MeshFilter:
  m_ObjectHideFlags: 0
  m_PrefabParentObject: {fileID: 3300000, guid: 821a36a3d4e7a48a2bc880cfd9dd993c,
    type: 2}
  m_PrefabInternal: {fileID: 0}
  m_GameObject: {fileID: 655743708}
  m_Mesh: {fileID: 4300000, guid: 8c8fd7967377245e2aa2cc4a4158dfb1, type: 3}
--- !u!1 &701055374
GameObject:
  m_ObjectHideFlags: 0
  m_PrefabParentObject: {fileID: 100000, guid: 9485b0c79d11e2e4d0007da98d76c639, type: 2}
  m_PrefabInternal: {fileID: 1133950119}
  serializedVersion: 4
  m_Component:
  - 4: {fileID: 701055378}
  - 33: {fileID: 701055377}
  - 23: {fileID: 701055376}
  - 114: {fileID: 701055375}
  m_Layer: 4
  m_Name: Daylight Simple Water
  m_TagString: Untagged
  m_Icon: {fileID: 0}
  m_NavMeshLayer: 0
  m_StaticEditorFlags: 0
  m_IsActive: 1
--- !u!114 &701055375
MonoBehaviour:
  m_ObjectHideFlags: 0
  m_PrefabParentObject: {fileID: 11400000, guid: 9485b0c79d11e2e4d0007da98d76c639,
    type: 2}
  m_PrefabInternal: {fileID: 1133950119}
  m_GameObject: {fileID: 701055374}
  m_Enabled: 1
  m_EditorHideFlags: 0
  m_Script: {fileID: 11500000, guid: 0d2f50a8e0bb841a5aaa90ae55db8849, type: 3}
  m_Name: 
  m_EditorClassIdentifier: 
--- !u!23 &701055376
MeshRenderer:
  m_ObjectHideFlags: 0
  m_PrefabParentObject: {fileID: 2300000, guid: 9485b0c79d11e2e4d0007da98d76c639,
    type: 2}
  m_PrefabInternal: {fileID: 1133950119}
  m_GameObject: {fileID: 701055374}
  m_Enabled: 1
  m_CastShadows: 0
  m_ReceiveShadows: 0
  m_Materials:
  - {fileID: 2100000, guid: 52b7d70b1de7c4ce09662b77c14d9fda, type: 2}
  m_SubsetIndices: 
  m_StaticBatchRoot: {fileID: 0}
  m_UseLightProbes: 1
  m_ReflectionProbeUsage: 1
  m_ProbeAnchor: {fileID: 0}
  m_ScaleInLightmap: 1
  m_PreserveUVs: 0
  m_ImportantGI: 0
  m_AutoUVMaxDistance: .5
  m_AutoUVMaxAngle: 89
  m_LightmapParameters: {fileID: 0}
  m_SortingLayerID: 0
  m_SortingOrder: 0
--- !u!33 &701055377
MeshFilter:
  m_ObjectHideFlags: 0
  m_PrefabParentObject: {fileID: 3300000, guid: 9485b0c79d11e2e4d0007da98d76c639,
    type: 2}
  m_PrefabInternal: {fileID: 1133950119}
  m_GameObject: {fileID: 701055374}
  m_Mesh: {fileID: 4300006, guid: ce8d79c79d11b8f9d00076e98d76c639, type: 3}
--- !u!4 &701055378
Transform:
  m_ObjectHideFlags: 0
  m_PrefabParentObject: {fileID: 400000, guid: 9485b0c79d11e2e4d0007da98d76c639, type: 2}
  m_PrefabInternal: {fileID: 1133950119}
  m_GameObject: {fileID: 701055374}
  m_LocalRotation: {x: 0, y: 0, z: 0, w: 1}
  m_LocalPosition: {x: 12.46521, y: 1.46577454, z: 8.55522156}
  m_LocalScale: {x: 16, y: 1, z: 16}
  m_Children: []
  m_Father: {fileID: 0}
  m_RootOrder: 1
--- !u!1 &728548441
GameObject:
  m_ObjectHideFlags: 0
  m_PrefabParentObject: {fileID: 100006, guid: 821a36a3d4e7a48a2bc880cfd9dd993c, type: 2}
  m_PrefabInternal: {fileID: 0}
  serializedVersion: 4
  m_Component:
  - 4: {fileID: 728548442}
  - 95: {fileID: 728548443}
  m_Layer: 0
  m_Name: tile15
  m_TagString: Untagged
  m_Icon: {fileID: 0}
  m_NavMeshLayer: 0
  m_StaticEditorFlags: 4294967295
  m_IsActive: 1
--- !u!4 &728548442
Transform:
  m_ObjectHideFlags: 0
  m_PrefabParentObject: {fileID: 400006, guid: 821a36a3d4e7a48a2bc880cfd9dd993c, type: 2}
  m_PrefabInternal: {fileID: 0}
  m_GameObject: {fileID: 728548441}
  m_LocalRotation: {x: 0, y: 1, z: 0, w: -1.62920685e-07}
  m_LocalPosition: {x: -12.6328526, y: -1.20000219, z: -9.31019497}
  m_LocalScale: {x: .100000031, y: .100000001, z: .100000031}
  m_Children: []
  m_Father: {fileID: 2129862748}
  m_RootOrder: 2
--- !u!95 &728548443
Animator:
  serializedVersion: 3
  m_ObjectHideFlags: 0
  m_PrefabParentObject: {fileID: 9500002, guid: 821a36a3d4e7a48a2bc880cfd9dd993c,
    type: 2}
  m_PrefabInternal: {fileID: 0}
  m_GameObject: {fileID: 728548441}
  m_Enabled: 1
  m_Avatar: {fileID: 9000000, guid: b60ad501690194c7bb050feab29294dc, type: 3}
  m_Controller: {fileID: 0}
  m_CullingMode: 1
  m_UpdateMode: 0
  m_ApplyRootMotion: 1
  m_LinearVelocityBlending: 0
  m_WarningMessage: 
  m_HasTransformHierarchy: 1
  m_AllowConstantClipSamplingOptimization: 1
--- !u!1 &731685484
GameObject:
  m_ObjectHideFlags: 0
  m_PrefabParentObject: {fileID: 100022, guid: 821a36a3d4e7a48a2bc880cfd9dd993c, type: 2}
  m_PrefabInternal: {fileID: 0}
  serializedVersion: 4
  m_Component:
  - 4: {fileID: 731685485}
  - 95: {fileID: 731685486}
  m_Layer: 0
  m_Name: tile15
  m_TagString: Untagged
  m_Icon: {fileID: 0}
  m_NavMeshLayer: 0
  m_StaticEditorFlags: 4294967295
  m_IsActive: 1
--- !u!4 &731685485
Transform:
  m_ObjectHideFlags: 0
  m_PrefabParentObject: {fileID: 400022, guid: 821a36a3d4e7a48a2bc880cfd9dd993c, type: 2}
  m_PrefabInternal: {fileID: 0}
  m_GameObject: {fileID: 731685484}
  m_LocalRotation: {x: 0, y: 0, z: 0, w: 1}
  m_LocalPosition: {x: -12.6328478, y: -1.20000362, z: -15.0629759}
  m_LocalScale: {x: .100000001, y: .100000001, z: .100000001}
  m_Children: []
  m_Father: {fileID: 2129862748}
  m_RootOrder: 1
--- !u!95 &731685486
Animator:
  serializedVersion: 3
  m_ObjectHideFlags: 0
  m_PrefabParentObject: {fileID: 9500006, guid: 821a36a3d4e7a48a2bc880cfd9dd993c,
    type: 2}
  m_PrefabInternal: {fileID: 0}
  m_GameObject: {fileID: 731685484}
  m_Enabled: 1
  m_Avatar: {fileID: 9000000, guid: b60ad501690194c7bb050feab29294dc, type: 3}
  m_Controller: {fileID: 0}
  m_CullingMode: 1
  m_UpdateMode: 0
  m_ApplyRootMotion: 1
  m_LinearVelocityBlending: 0
  m_WarningMessage: 
  m_HasTransformHierarchy: 1
  m_AllowConstantClipSamplingOptimization: 1
--- !u!1 &742511968
GameObject:
  m_ObjectHideFlags: 0
  m_PrefabParentObject: {fileID: 100008, guid: 707f271b2a6264ce59d306fa4851ad3f, type: 2}
  m_PrefabInternal: {fileID: 1225147737}
  serializedVersion: 4
  m_Component:
  - 4: {fileID: 742511969}
  m_Layer: 0
  m_Name: GameObject
  m_TagString: Hole
  m_Icon: {fileID: 0}
  m_NavMeshLayer: 0
  m_StaticEditorFlags: 0
  m_IsActive: 1
--- !u!4 &742511969
Transform:
  m_ObjectHideFlags: 0
  m_PrefabParentObject: {fileID: 400008, guid: 707f271b2a6264ce59d306fa4851ad3f, type: 2}
  m_PrefabInternal: {fileID: 1225147737}
  m_GameObject: {fileID: 742511968}
  m_LocalRotation: {x: .707106829, y: 0, z: 0, w: .707106829}
  m_LocalPosition: {x: -.0320506096, y: 16.0043163, z: 25.3707943}
  m_LocalScale: {x: 10, y: 10, z: 10}
  m_Children: []
  m_Father: {fileID: 424508920}
  m_RootOrder: 0
--- !u!1 &746232757
GameObject:
  m_ObjectHideFlags: 0
  m_PrefabParentObject: {fileID: 100032, guid: 821a36a3d4e7a48a2bc880cfd9dd993c, type: 2}
  m_PrefabInternal: {fileID: 0}
  serializedVersion: 4
  m_Component:
  - 4: {fileID: 746232758}
  - 33: {fileID: 746232761}
  - 23: {fileID: 746232760}
  - 64: {fileID: 746232759}
  m_Layer: 8
  m_Name: tile23_walls
  m_TagString: Untagged
  m_Icon: {fileID: 0}
  m_NavMeshLayer: 0
  m_StaticEditorFlags: 4294967295
  m_IsActive: 1
--- !u!4 &746232758
Transform:
  m_ObjectHideFlags: 0
  m_PrefabParentObject: {fileID: 400032, guid: 821a36a3d4e7a48a2bc880cfd9dd993c, type: 2}
  m_PrefabInternal: {fileID: 0}
  m_GameObject: {fileID: 746232757}
  m_LocalRotation: {x: -.707106829, y: 0, z: -0, w: .707106829}
  m_LocalPosition: {x: 95.128273, y: 115.38855, z: -38.9337654}
  m_LocalScale: {x: 1, y: 1, z: 1}
  m_Children: []
  m_Father: {fileID: 1139180782}
  m_RootOrder: 1
--- !u!64 &746232759
MeshCollider:
  m_ObjectHideFlags: 0
  m_PrefabParentObject: {fileID: 6400016, guid: 821a36a3d4e7a48a2bc880cfd9dd993c,
    type: 2}
  m_PrefabInternal: {fileID: 0}
  m_GameObject: {fileID: 746232757}
  m_Material: {fileID: 13400000, guid: 99e86ee0ad11f8d6d00011d98d76c639, type: 2}
  m_IsTrigger: 0
  m_Enabled: 1
  serializedVersion: 2
  m_Convex: 0
  m_Mesh: {fileID: 4300000, guid: 911ef39b0aa22479f8895d3daa83ca1f, type: 3}
--- !u!23 &746232760
MeshRenderer:
  m_ObjectHideFlags: 0
  m_PrefabParentObject: {fileID: 2300020, guid: 821a36a3d4e7a48a2bc880cfd9dd993c,
    type: 2}
  m_PrefabInternal: {fileID: 0}
  m_GameObject: {fileID: 746232757}
  m_Enabled: 1
  m_CastShadows: 1
  m_ReceiveShadows: 1
  m_Materials:
  - {fileID: 2100000, guid: cf02aba9bfd84444d8107e5f91af0621, type: 2}
  m_SubsetIndices: 
  m_StaticBatchRoot: {fileID: 0}
  m_UseLightProbes: 0
  m_ReflectionProbeUsage: 1
  m_ProbeAnchor: {fileID: 0}
  m_ScaleInLightmap: 1
  m_PreserveUVs: 0
  m_ImportantGI: 0
  m_AutoUVMaxDistance: .5
  m_AutoUVMaxAngle: 89
  m_LightmapParameters: {fileID: 0}
  m_SortingLayerID: 0
  m_SortingOrder: 0
--- !u!33 &746232761
MeshFilter:
  m_ObjectHideFlags: 0
  m_PrefabParentObject: {fileID: 3300020, guid: 821a36a3d4e7a48a2bc880cfd9dd993c,
    type: 2}
  m_PrefabInternal: {fileID: 0}
  m_GameObject: {fileID: 746232757}
  m_Mesh: {fileID: 4300000, guid: 911ef39b0aa22479f8895d3daa83ca1f, type: 3}
--- !u!1 &835928795
GameObject:
  m_ObjectHideFlags: 0
  m_PrefabParentObject: {fileID: 100004, guid: 55275d55d3b904062a94edb227e0037f, type: 2}
  m_PrefabInternal: {fileID: 0}
  serializedVersion: 4
  m_Component:
  - 4: {fileID: 835928797}
  - 95: {fileID: 835928796}
  m_Layer: 0
  m_Name: tile10
  m_TagString: Untagged
  m_Icon: {fileID: 0}
  m_NavMeshLayer: 0
  m_StaticEditorFlags: 4294967295
  m_IsActive: 1
--- !u!95 &835928796
Animator:
  serializedVersion: 3
  m_ObjectHideFlags: 0
  m_PrefabParentObject: {fileID: 9500000, guid: 55275d55d3b904062a94edb227e0037f,
    type: 2}
  m_PrefabInternal: {fileID: 0}
  m_GameObject: {fileID: 835928795}
  m_Enabled: 1
  m_Avatar: {fileID: 9000000, guid: 52bd6ed38de9947388a8b569567f876b, type: 3}
  m_Controller: {fileID: 0}
  m_CullingMode: 1
  m_UpdateMode: 0
  m_ApplyRootMotion: 1
  m_LinearVelocityBlending: 0
  m_WarningMessage: 
  m_HasTransformHierarchy: 1
  m_AllowConstantClipSamplingOptimization: 1
--- !u!4 &835928797
Transform:
  m_ObjectHideFlags: 0
  m_PrefabParentObject: {fileID: 400004, guid: 55275d55d3b904062a94edb227e0037f, type: 2}
  m_PrefabInternal: {fileID: 0}
  m_GameObject: {fileID: 835928795}
  m_LocalRotation: {x: 0, y: 0, z: 0, w: 1}
  m_LocalPosition: {x: 129.945023, y: 55.955719, z: 255.994095}
  m_LocalScale: {x: 1, y: 1, z: 1}
  m_Children:
  - {fileID: 1936023417}
  m_Father: {fileID: 1751960821}
  m_RootOrder: 1
--- !u!1 &992688022
GameObject:
  m_ObjectHideFlags: 0
  m_PrefabParentObject: {fileID: 100004, guid: 821a36a3d4e7a48a2bc880cfd9dd993c, type: 2}
  m_PrefabInternal: {fileID: 0}
  serializedVersion: 4
  m_Component:
  - 4: {fileID: 992688024}
  - 95: {fileID: 992688023}
  m_Layer: 0
  m_Name: tile22
  m_TagString: Untagged
  m_Icon: {fileID: 0}
  m_NavMeshLayer: 0
  m_StaticEditorFlags: 4294967295
  m_IsActive: 1
--- !u!95 &992688023
Animator:
  serializedVersion: 3
  m_ObjectHideFlags: 0
  m_PrefabParentObject: {fileID: 9500000, guid: 821a36a3d4e7a48a2bc880cfd9dd993c,
    type: 2}
  m_PrefabInternal: {fileID: 0}
  m_GameObject: {fileID: 992688022}
  m_Enabled: 1
  m_Avatar: {fileID: 9000000, guid: 8c8fd7967377245e2aa2cc4a4158dfb1, type: 3}
  m_Controller: {fileID: 0}
  m_CullingMode: 1
  m_UpdateMode: 0
  m_ApplyRootMotion: 1
  m_LinearVelocityBlending: 0
  m_WarningMessage: 
  m_HasTransformHierarchy: 1
  m_AllowConstantClipSamplingOptimization: 1
--- !u!4 &992688024
Transform:
  m_ObjectHideFlags: 0
  m_PrefabParentObject: {fileID: 400004, guid: 821a36a3d4e7a48a2bc880cfd9dd993c, type: 2}
  m_PrefabInternal: {fileID: 0}
  m_GameObject: {fileID: 992688022}
  m_LocalRotation: {x: 0, y: 0, z: 0, w: 1}
  m_LocalPosition: {x: -12.6328487, y: 4.39999866, z: 23.3370228}
  m_LocalScale: {x: .100000001, y: .100000001, z: .100000001}
  m_Children:
  - {fileID: 1035281311}
  - {fileID: 655743709}
  m_Father: {fileID: 2129862748}
  m_RootOrder: 4
--- !u!1 &1035281310
GameObject:
  m_ObjectHideFlags: 0
  m_PrefabParentObject: {fileID: 100002, guid: 821a36a3d4e7a48a2bc880cfd9dd993c, type: 2}
  m_PrefabInternal: {fileID: 0}
  serializedVersion: 4
  m_Component:
  - 4: {fileID: 1035281311}
  - 33: {fileID: 1035281314}
  - 23: {fileID: 1035281313}
  - 64: {fileID: 1035281312}
  m_Layer: 0
  m_Name: tile22_floor01
  m_TagString: Untagged
  m_Icon: {fileID: 0}
  m_NavMeshLayer: 0
  m_StaticEditorFlags: 4294967295
  m_IsActive: 1
--- !u!4 &1035281311
Transform:
  m_ObjectHideFlags: 0
  m_PrefabParentObject: {fileID: 400002, guid: 821a36a3d4e7a48a2bc880cfd9dd993c, type: 2}
  m_PrefabInternal: {fileID: 0}
  m_GameObject: {fileID: 1035281310}
  m_LocalRotation: {x: -.707106829, y: 0, z: -0, w: .707106829}
  m_LocalPosition: {x: -60.3089142, y: 59.4326477, z: -134.054077}
  m_LocalScale: {x: 1, y: 1, z: 1}
  m_Children: []
  m_Father: {fileID: 992688024}
  m_RootOrder: 0
--- !u!64 &1035281312
MeshCollider:
  m_ObjectHideFlags: 0
  m_PrefabParentObject: {fileID: 6400002, guid: 821a36a3d4e7a48a2bc880cfd9dd993c,
    type: 2}
  m_PrefabInternal: {fileID: 0}
  m_GameObject: {fileID: 1035281310}
  m_Material: {fileID: 13400000, guid: 5410a64fad11e8d6d00011d98d76c639, type: 2}
  m_IsTrigger: 0
  m_Enabled: 1
  serializedVersion: 2
  m_Convex: 0
  m_Mesh: {fileID: 4300002, guid: 8c8fd7967377245e2aa2cc4a4158dfb1, type: 3}
--- !u!23 &1035281313
MeshRenderer:
  m_ObjectHideFlags: 0
  m_PrefabParentObject: {fileID: 2300002, guid: 821a36a3d4e7a48a2bc880cfd9dd993c,
    type: 2}
  m_PrefabInternal: {fileID: 0}
  m_GameObject: {fileID: 1035281310}
  m_Enabled: 1
  m_CastShadows: 1
  m_ReceiveShadows: 1
  m_Materials:
  - {fileID: 2100000, guid: 2948463c79a4940d6b65346e5b534c68, type: 2}
  m_SubsetIndices: 
  m_StaticBatchRoot: {fileID: 0}
  m_UseLightProbes: 0
  m_ReflectionProbeUsage: 1
  m_ProbeAnchor: {fileID: 0}
  m_ScaleInLightmap: 1
  m_PreserveUVs: 0
  m_ImportantGI: 0
  m_AutoUVMaxDistance: .5
  m_AutoUVMaxAngle: 89
  m_LightmapParameters: {fileID: 0}
  m_SortingLayerID: 0
  m_SortingOrder: 0
--- !u!33 &1035281314
MeshFilter:
  m_ObjectHideFlags: 0
  m_PrefabParentObject: {fileID: 3300002, guid: 821a36a3d4e7a48a2bc880cfd9dd993c,
    type: 2}
  m_PrefabInternal: {fileID: 0}
  m_GameObject: {fileID: 1035281310}
  m_Mesh: {fileID: 4300002, guid: 8c8fd7967377245e2aa2cc4a4158dfb1, type: 3}
--- !u!1 &1073989533
GameObject:
  m_ObjectHideFlags: 0
  m_PrefabParentObject: {fileID: 100026, guid: 821a36a3d4e7a48a2bc880cfd9dd993c, type: 2}
  m_PrefabInternal: {fileID: 0}
  serializedVersion: 4
  m_Component:
  - 4: {fileID: 1073989534}
  - 33: {fileID: 1073989536}
  - 23: {fileID: 1073989535}
  m_Layer: 9
  m_Name: Trail
  m_TagString: Untagged
  m_Icon: {fileID: 0}
  m_NavMeshLayer: 0
  m_StaticEditorFlags: 0
  m_IsActive: 1
--- !u!4 &1073989534
Transform:
  m_ObjectHideFlags: 0
  m_PrefabParentObject: {fileID: 400030, guid: 821a36a3d4e7a48a2bc880cfd9dd993c, type: 2}
  m_PrefabInternal: {fileID: 0}
  m_GameObject: {fileID: 1073989533}
  m_LocalRotation: {x: 0, y: 0, z: 0, w: 1}
  m_LocalPosition: {x: 0, y: 0, z: 0}
  m_LocalScale: {x: 1, y: 1, z: 1}
  m_Children: []
  m_Father: {fileID: 1873378701}
  m_RootOrder: 0
--- !u!23 &1073989535
MeshRenderer:
  m_ObjectHideFlags: 0
  m_PrefabParentObject: {fileID: 2300018, guid: 821a36a3d4e7a48a2bc880cfd9dd993c,
    type: 2}
  m_PrefabInternal: {fileID: 0}
  m_GameObject: {fileID: 1073989533}
  m_Enabled: 1
  m_CastShadows: 0
  m_ReceiveShadows: 0
  m_Materials:
  - {fileID: 2100000, guid: d42af26cdf5fb824ba87127b4508e285, type: 2}
  m_SubsetIndices: 
  m_StaticBatchRoot: {fileID: 0}
  m_UseLightProbes: 0
  m_ReflectionProbeUsage: 1
  m_ProbeAnchor: {fileID: 0}
  m_ScaleInLightmap: 1
  m_PreserveUVs: 0
  m_ImportantGI: 0
  m_AutoUVMaxDistance: .5
  m_AutoUVMaxAngle: 89
  m_LightmapParameters: {fileID: 0}
  m_SortingLayerID: 0
  m_SortingOrder: 0
--- !u!33 &1073989536
MeshFilter:
  m_ObjectHideFlags: 0
  m_PrefabParentObject: {fileID: 3300018, guid: 821a36a3d4e7a48a2bc880cfd9dd993c,
    type: 2}
  m_PrefabInternal: {fileID: 0}
  m_GameObject: {fileID: 1073989533}
  m_Mesh: {fileID: 4300000, guid: 291b818cfd83d41469b45ba189b3bd88, type: 3}
--- !u!1 &1079176444
GameObject:
  m_ObjectHideFlags: 0
  m_PrefabParentObject: {fileID: 100006, guid: 707f271b2a6264ce59d306fa4851ad3f, type: 2}
  m_PrefabInternal: {fileID: 1225147737}
  serializedVersion: 4
  m_Component:
  - 4: {fileID: 1079176445}
  - 95: {fileID: 1079176446}
  m_Layer: 0
  m_Name: tile18
  m_TagString: Untagged
  m_Icon: {fileID: 0}
  m_NavMeshLayer: 0
  m_StaticEditorFlags: 4294967295
  m_IsActive: 1
--- !u!4 &1079176445
Transform:
  m_ObjectHideFlags: 0
  m_PrefabParentObject: {fileID: 400006, guid: 707f271b2a6264ce59d306fa4851ad3f, type: 2}
  m_PrefabInternal: {fileID: 1225147737}
  m_GameObject: {fileID: 1079176444}
  m_LocalRotation: {x: 0, y: 0, z: 0, w: 1}
  m_LocalPosition: {x: 92.7791672, y: 46.460186, z: -176.89502}
  m_LocalScale: {x: .100000001, y: .100000001, z: .100000001}
  m_Children:
  - {fileID: 181339886}
  - {fileID: 424508920}
  - {fileID: 1645928203}
  m_Father: {fileID: 1751960821}
  m_RootOrder: 2
--- !u!95 &1079176446
Animator:
  serializedVersion: 3
  m_ObjectHideFlags: 0
  m_PrefabParentObject: {fileID: 9500000, guid: 707f271b2a6264ce59d306fa4851ad3f,
    type: 2}
  m_PrefabInternal: {fileID: 1225147737}
  m_GameObject: {fileID: 1079176444}
  m_Enabled: 1
  m_Avatar: {fileID: 9000000, guid: 19cd740d4662e480ab8c18306c74b538, type: 3}
  m_Controller: {fileID: 0}
  m_CullingMode: 1
  m_UpdateMode: 0
  m_ApplyRootMotion: 1
  m_LinearVelocityBlending: 0
  m_WarningMessage: 
  m_HasTransformHierarchy: 1
  m_AllowConstantClipSamplingOptimization: 1
--- !u!1001 &1133950119
Prefab:
  m_ObjectHideFlags: 0
  serializedVersion: 2
  m_Modification:
    m_TransformParent: {fileID: 0}
    m_Modifications:
    - target: {fileID: 400000, guid: 9485b0c79d11e2e4d0007da98d76c639, type: 2}
      propertyPath: m_LocalPosition.x
      value: 12.46521
      objectReference: {fileID: 0}
    - target: {fileID: 400000, guid: 9485b0c79d11e2e4d0007da98d76c639, type: 2}
      propertyPath: m_LocalPosition.y
      value: 1.46577454
      objectReference: {fileID: 0}
    - target: {fileID: 400000, guid: 9485b0c79d11e2e4d0007da98d76c639, type: 2}
      propertyPath: m_LocalPosition.z
      value: 8.55522156
      objectReference: {fileID: 0}
    - target: {fileID: 400000, guid: 9485b0c79d11e2e4d0007da98d76c639, type: 2}
      propertyPath: m_LocalRotation.x
      value: 0
      objectReference: {fileID: 0}
    - target: {fileID: 400000, guid: 9485b0c79d11e2e4d0007da98d76c639, type: 2}
      propertyPath: m_LocalRotation.y
      value: 0
      objectReference: {fileID: 0}
    - target: {fileID: 400000, guid: 9485b0c79d11e2e4d0007da98d76c639, type: 2}
      propertyPath: m_LocalRotation.z
      value: 0
      objectReference: {fileID: 0}
    - target: {fileID: 400000, guid: 9485b0c79d11e2e4d0007da98d76c639, type: 2}
      propertyPath: m_LocalRotation.w
      value: 1
      objectReference: {fileID: 0}
    m_RemovedComponents: []
  m_ParentPrefab: {fileID: 100100000, guid: 9485b0c79d11e2e4d0007da98d76c639, type: 2}
  m_RootGameObject: {fileID: 701055374}
  m_IsPrefabParent: 0
--- !u!1 &1139180781
GameObject:
  m_ObjectHideFlags: 0
  m_PrefabParentObject: {fileID: 100034, guid: 821a36a3d4e7a48a2bc880cfd9dd993c, type: 2}
  m_PrefabInternal: {fileID: 0}
  serializedVersion: 4
  m_Component:
  - 4: {fileID: 1139180782}
  - 95: {fileID: 1139180783}
  m_Layer: 0
  m_Name: tile23
  m_TagString: Untagged
  m_Icon: {fileID: 0}
  m_NavMeshLayer: 0
  m_StaticEditorFlags: 4294967295
  m_IsActive: 1
--- !u!4 &1139180782
Transform:
  m_ObjectHideFlags: 0
  m_PrefabParentObject: {fileID: 400034, guid: 821a36a3d4e7a48a2bc880cfd9dd993c, type: 2}
  m_PrefabInternal: {fileID: 0}
  m_GameObject: {fileID: 1139180781}
  m_LocalRotation: {x: 0, y: -.707106888, z: 0, w: .707106769}
  m_LocalPosition: {x: -22.5564613, y: -6.80000257, z: -12.1865845}
  m_LocalScale: {x: .100000016, y: .100000001, z: .100000016}
  m_Children:
  - {fileID: 1674349481}
  - {fileID: 746232758}
  m_Father: {fileID: 2129862748}
  m_RootOrder: 5
--- !u!95 &1139180783
Animator:
  serializedVersion: 3
  m_ObjectHideFlags: 0
  m_PrefabParentObject: {fileID: 9500008, guid: 821a36a3d4e7a48a2bc880cfd9dd993c,
    type: 2}
  m_PrefabInternal: {fileID: 0}
  m_GameObject: {fileID: 1139180781}
  m_Enabled: 1
  m_Avatar: {fileID: 9000000, guid: 911ef39b0aa22479f8895d3daa83ca1f, type: 3}
  m_Controller: {fileID: 0}
  m_CullingMode: 1
  m_UpdateMode: 0
  m_ApplyRootMotion: 1
  m_LinearVelocityBlending: 0
  m_WarningMessage: 
  m_HasTransformHierarchy: 1
  m_AllowConstantClipSamplingOptimization: 1
--- !u!1 &1208376585
GameObject:
  m_ObjectHideFlags: 0
  m_PrefabParentObject: {fileID: 0}
  m_PrefabInternal: {fileID: 0}
  serializedVersion: 4
  m_Component:
  - 4: {fileID: 1208376587}
  - 108: {fileID: 1208376586}
  m_Layer: 0
  m_Name: Directional light
  m_TagString: Untagged
  m_Icon: {fileID: 0}
  m_NavMeshLayer: 0
  m_StaticEditorFlags: 0
  m_IsActive: 1
--- !u!108 &1208376586
Light:
  m_ObjectHideFlags: 0
  m_PrefabParentObject: {fileID: 0}
  m_PrefabInternal: {fileID: 0}
  m_GameObject: {fileID: 1208376585}
  m_Enabled: 1
  serializedVersion: 6
  m_Type: 1
  m_Color: {r: 1, g: 1, b: 1, a: 1}
  m_Intensity: 1
  m_Range: 10
  m_SpotAngle: 30
  m_CookieSize: 10
  m_Shadows:
    m_Type: 1
    m_Resolution: -1
    m_Strength: 1
    m_Bias: .0500000007
    m_NormalBias: .400000006
  m_Cookie: {fileID: 0}
  m_DrawHalo: 0
  m_Flare: {fileID: 0}
  m_RenderMode: 0
  m_CullingMask:
    serializedVersion: 2
    m_Bits: 4294967295
  m_Lightmapping: 1
  m_BounceIntensity: 1
  m_ShadowRadius: 0
  m_ShadowAngle: 0
  m_AreaSize: {x: 1, y: 1}
--- !u!4 &1208376587
Transform:
  m_ObjectHideFlags: 0
  m_PrefabParentObject: {fileID: 0}
  m_PrefabInternal: {fileID: 0}
  m_GameObject: {fileID: 1208376585}
  m_LocalRotation: {x: .408217967, y: -.234569743, z: .109381683, w: .875426114}
  m_LocalPosition: {x: 9.51257896, y: 16.0971622, z: 11.6345968}
  m_LocalScale: {x: 1, y: 1, z: 1}
  m_Children: []
  m_Father: {fileID: 0}
  m_RootOrder: 2
--- !u!1001 &1225147737
Prefab:
  m_ObjectHideFlags: 0
  serializedVersion: 2
  m_Modification:
    m_TransformParent: {fileID: 1751960821}
    m_Modifications:
    - target: {fileID: 400006, guid: 707f271b2a6264ce59d306fa4851ad3f, type: 2}
      propertyPath: m_LocalPosition.x
      value: 92.7791672
      objectReference: {fileID: 0}
    - target: {fileID: 400006, guid: 707f271b2a6264ce59d306fa4851ad3f, type: 2}
      propertyPath: m_LocalPosition.y
      value: 46.460186
      objectReference: {fileID: 0}
    - target: {fileID: 400006, guid: 707f271b2a6264ce59d306fa4851ad3f, type: 2}
      propertyPath: m_LocalPosition.z
      value: -176.89502
      objectReference: {fileID: 0}
    - target: {fileID: 400006, guid: 707f271b2a6264ce59d306fa4851ad3f, type: 2}
      propertyPath: m_LocalRotation.x
      value: 0
      objectReference: {fileID: 0}
    - target: {fileID: 400006, guid: 707f271b2a6264ce59d306fa4851ad3f, type: 2}
      propertyPath: m_LocalRotation.y
      value: 0
      objectReference: {fileID: 0}
    - target: {fileID: 400006, guid: 707f271b2a6264ce59d306fa4851ad3f, type: 2}
      propertyPath: m_LocalRotation.z
      value: 0
      objectReference: {fileID: 0}
    - target: {fileID: 400006, guid: 707f271b2a6264ce59d306fa4851ad3f, type: 2}
      propertyPath: m_LocalRotation.w
      value: 1
      objectReference: {fileID: 0}
    - target: {fileID: 2300004, guid: 707f271b2a6264ce59d306fa4851ad3f, type: 2}
      propertyPath: m_LightmapIndex
      value: 255
      objectReference: {fileID: 0}
    - target: {fileID: 2300004, guid: 707f271b2a6264ce59d306fa4851ad3f, type: 2}
      propertyPath: m_LightmapTilingOffset.x
      value: 1
      objectReference: {fileID: 0}
    - target: {fileID: 2300004, guid: 707f271b2a6264ce59d306fa4851ad3f, type: 2}
      propertyPath: m_LightmapTilingOffset.y
      value: 1
      objectReference: {fileID: 0}
    - target: {fileID: 2300004, guid: 707f271b2a6264ce59d306fa4851ad3f, type: 2}
      propertyPath: m_LightmapTilingOffset.z
      value: 0
      objectReference: {fileID: 0}
    - target: {fileID: 2300004, guid: 707f271b2a6264ce59d306fa4851ad3f, type: 2}
      propertyPath: m_LightmapTilingOffset.w
      value: 0
      objectReference: {fileID: 0}
    - target: {fileID: 2300002, guid: 707f271b2a6264ce59d306fa4851ad3f, type: 2}
      propertyPath: m_LightmapIndex
      value: 255
      objectReference: {fileID: 0}
    - target: {fileID: 2300002, guid: 707f271b2a6264ce59d306fa4851ad3f, type: 2}
      propertyPath: m_LightmapTilingOffset.x
      value: 1
      objectReference: {fileID: 0}
    - target: {fileID: 2300002, guid: 707f271b2a6264ce59d306fa4851ad3f, type: 2}
      propertyPath: m_LightmapTilingOffset.y
      value: 1
      objectReference: {fileID: 0}
    - target: {fileID: 2300002, guid: 707f271b2a6264ce59d306fa4851ad3f, type: 2}
      propertyPath: m_LightmapTilingOffset.z
      value: 0
      objectReference: {fileID: 0}
    - target: {fileID: 2300002, guid: 707f271b2a6264ce59d306fa4851ad3f, type: 2}
      propertyPath: m_LightmapTilingOffset.w
      value: 0
      objectReference: {fileID: 0}
    - target: {fileID: 2300000, guid: 707f271b2a6264ce59d306fa4851ad3f, type: 2}
      propertyPath: m_LightmapIndex
      value: 255
      objectReference: {fileID: 0}
    - target: {fileID: 2300000, guid: 707f271b2a6264ce59d306fa4851ad3f, type: 2}
      propertyPath: m_LightmapTilingOffset.x
      value: 1
      objectReference: {fileID: 0}
    - target: {fileID: 2300000, guid: 707f271b2a6264ce59d306fa4851ad3f, type: 2}
      propertyPath: m_LightmapTilingOffset.y
      value: 1
      objectReference: {fileID: 0}
    - target: {fileID: 2300000, guid: 707f271b2a6264ce59d306fa4851ad3f, type: 2}
      propertyPath: m_LightmapTilingOffset.z
      value: 0
      objectReference: {fileID: 0}
    m_RemovedComponents: []
  m_ParentPrefab: {fileID: 100100000, guid: 707f271b2a6264ce59d306fa4851ad3f, type: 2}
  m_RootGameObject: {fileID: 1079176444}
  m_IsPrefabParent: 0
--- !u!1 &1255204956
GameObject:
  m_ObjectHideFlags: 0
  m_PrefabParentObject: {fileID: 100028, guid: f8eb00a394ccb4c6997d3ed3c38c5d44, type: 2}
  m_PrefabInternal: {fileID: 0}
  serializedVersion: 4
  m_Component:
  - 4: {fileID: 1255204957}
  - 20: {fileID: 1255204958}
  - 92: {fileID: 1255204959}
  m_Layer: 0
  m_Name: Camera
  m_TagString: Untagged
  m_Icon: {fileID: 0}
  m_NavMeshLayer: 0
  m_StaticEditorFlags: 0
  m_IsActive: 1
--- !u!4 &1255204957
Transform:
  m_ObjectHideFlags: 0
  m_PrefabParentObject: {fileID: 400028, guid: f8eb00a394ccb4c6997d3ed3c38c5d44, type: 2}
  m_PrefabInternal: {fileID: 0}
  m_GameObject: {fileID: 1255204956}
  m_LocalRotation: {x: 2.38418579e-07, y: 0, z: 0, w: 1}
  m_LocalPosition: {x: 0, y: 0, z: 0}
  m_LocalScale: {x: 1, y: 1, z: 1}
  m_Children: []
  m_Father: {fileID: 2009321051}
  m_RootOrder: 0
--- !u!20 &1255204958
Camera:
  m_ObjectHideFlags: 0
  m_PrefabParentObject: {fileID: 2000002, guid: f8eb00a394ccb4c6997d3ed3c38c5d44,
    type: 2}
  m_PrefabInternal: {fileID: 0}
  m_GameObject: {fileID: 1255204956}
  m_Enabled: 1
  serializedVersion: 2
  m_ClearFlags: 3
  m_BackGroundColor: {r: 1, g: 1, b: .474509805, a: .0196078438}
  m_NormalizedViewPortRect:
    serializedVersion: 2
    x: 0
    y: 0
    width: 1
    height: 1
  near clip plane: .300000012
  far clip plane: 1000
  field of view: 65
  orthographic: 0
  orthographic size: 100
  m_Depth: 1
  m_CullingMask:
    serializedVersion: 2
    m_Bits: 512
  m_RenderingPath: -1
  m_TargetTexture: {fileID: 0}
  m_TargetDisplay: 0
  m_TargetEye: 3
  m_HDR: 0
  m_OcclusionCulling: 1
  m_StereoConvergence: 10
  m_StereoSeparation: .0219999999
  m_StereoMirrorMode: 0
--- !u!92 &1255204959
Behaviour:
  m_ObjectHideFlags: 0
  m_PrefabParentObject: {fileID: 9200002, guid: f8eb00a394ccb4c6997d3ed3c38c5d44,
    type: 2}
  m_PrefabInternal: {fileID: 0}
  m_GameObject: {fileID: 1255204956}
  m_Enabled: 1
--- !u!1 &1344536025
GameObject:
  m_ObjectHideFlags: 0
  m_PrefabParentObject: {fileID: 100012, guid: 821a36a3d4e7a48a2bc880cfd9dd993c, type: 2}
  m_PrefabInternal: {fileID: 0}
  serializedVersion: 4
  m_Component:
  - 4: {fileID: 1344536026}
  - 95: {fileID: 1344536027}
  m_Layer: 0
  m_Name: tile15
  m_TagString: Untagged
  m_Icon: {fileID: 0}
  m_NavMeshLayer: 0
  m_StaticEditorFlags: 4294967295
  m_IsActive: 1
--- !u!4 &1344536026
Transform:
  m_ObjectHideFlags: 0
  m_PrefabParentObject: {fileID: 400012, guid: 821a36a3d4e7a48a2bc880cfd9dd993c, type: 2}
  m_PrefabInternal: {fileID: 0}
  m_GameObject: {fileID: 1344536025}
  m_LocalRotation: {x: 0, y: .707106888, z: 0, w: .707106769}
  m_LocalPosition: {x: 10.0907698, y: -6.80000257, z: -12.1865826}
  m_LocalScale: {x: .100000031, y: .100000001, z: .100000031}
  m_Children:
  - {fileID: 2064910500}
  - {fileID: 44373415}
  m_Father: {fileID: 2129862748}
  m_RootOrder: 3
--- !u!95 &1344536027
Animator:
  serializedVersion: 3
  m_ObjectHideFlags: 0
  m_PrefabParentObject: {fileID: 9500004, guid: 821a36a3d4e7a48a2bc880cfd9dd993c,
    type: 2}
  m_PrefabInternal: {fileID: 0}
  m_GameObject: {fileID: 1344536025}
  m_Enabled: 1
  m_Avatar: {fileID: 9000000, guid: b60ad501690194c7bb050feab29294dc, type: 3}
  m_Controller: {fileID: 0}
  m_CullingMode: 1
  m_UpdateMode: 0
  m_ApplyRootMotion: 1
  m_LinearVelocityBlending: 0
  m_WarningMessage: 
  m_HasTransformHierarchy: 1
  m_AllowConstantClipSamplingOptimization: 1
--- !u!1 &1574321871
GameObject:
  m_ObjectHideFlags: 0
  m_PrefabParentObject: {fileID: 100002, guid: 4dbc25e9a47ce4526942367cd99d2acc, type: 2}
  m_PrefabInternal: {fileID: 0}
  serializedVersion: 4
  m_Component:
  - 4: {fileID: 1574321872}
  - 33: {fileID: 1574321875}
  - 23: {fileID: 1574321874}
  - 64: {fileID: 1574321873}
  m_Layer: 0
  m_Name: tile04_floor
  m_TagString: Untagged
  m_Icon: {fileID: 0}
  m_NavMeshLayer: 0
  m_StaticEditorFlags: 4294967295
  m_IsActive: 1
--- !u!4 &1574321872
Transform:
  m_ObjectHideFlags: 0
  m_PrefabParentObject: {fileID: 400002, guid: 4dbc25e9a47ce4526942367cd99d2acc, type: 2}
  m_PrefabInternal: {fileID: 0}
  m_GameObject: {fileID: 1574321871}
  m_LocalRotation: {x: -.707106829, y: 0, z: 0, w: .707106829}
  m_LocalPosition: {x: -34.8193512, y: 3.55107498, z: -292.654266}
  m_LocalScale: {x: .618843198, y: 1, z: 1}
  m_Children: []
  m_Father: {fileID: 239623617}
  m_RootOrder: 1
--- !u!64 &1574321873
MeshCollider:
  m_ObjectHideFlags: 0
  m_PrefabParentObject: {fileID: 6400002, guid: 4dbc25e9a47ce4526942367cd99d2acc,
    type: 2}
  m_PrefabInternal: {fileID: 0}
  m_GameObject: {fileID: 1574321871}
  m_Material: {fileID: 13400000, guid: 5410a64fad11e8d6d00011d98d76c639, type: 2}
  m_IsTrigger: 0
  m_Enabled: 1
  serializedVersion: 2
  m_Convex: 0
  m_Mesh: {fileID: 4300002, guid: 642ec847cf7074ffd9840f54d8bc782a, type: 3}
--- !u!23 &1574321874
MeshRenderer:
  m_ObjectHideFlags: 0
  m_PrefabParentObject: {fileID: 2300002, guid: 4dbc25e9a47ce4526942367cd99d2acc,
    type: 2}
  m_PrefabInternal: {fileID: 0}
  m_GameObject: {fileID: 1574321871}
  m_Enabled: 1
  m_CastShadows: 1
  m_ReceiveShadows: 1
  m_Materials:
  - {fileID: 2100000, guid: 5504b3f852abd4a9aba674539e4c876e, type: 2}
  m_SubsetIndices: 
  m_StaticBatchRoot: {fileID: 0}
  m_UseLightProbes: 0
  m_ReflectionProbeUsage: 1
  m_ProbeAnchor: {fileID: 0}
  m_ScaleInLightmap: 1
  m_PreserveUVs: 0
  m_ImportantGI: 0
  m_AutoUVMaxDistance: .5
  m_AutoUVMaxAngle: 89
  m_LightmapParameters: {fileID: 0}
  m_SortingLayerID: 0
  m_SortingOrder: 0
--- !u!33 &1574321875
MeshFilter:
  m_ObjectHideFlags: 0
  m_PrefabParentObject: {fileID: 3300002, guid: 4dbc25e9a47ce4526942367cd99d2acc,
    type: 2}
  m_PrefabInternal: {fileID: 0}
  m_GameObject: {fileID: 1574321871}
  m_Mesh: {fileID: 4300002, guid: 642ec847cf7074ffd9840f54d8bc782a, type: 3}
--- !u!1 &1645928202
GameObject:
  m_ObjectHideFlags: 0
  m_PrefabParentObject: {fileID: 100000, guid: 707f271b2a6264ce59d306fa4851ad3f, type: 2}
  m_PrefabInternal: {fileID: 1225147737}
  serializedVersion: 4
  m_Component:
  - 4: {fileID: 1645928203}
  - 33: {fileID: 1645928206}
  - 23: {fileID: 1645928205}
  - 64: {fileID: 1645928204}
  m_Layer: 8
  m_Name: tile18_walls
  m_TagString: Untagged
  m_Icon: {fileID: 0}
  m_NavMeshLayer: 0
  m_StaticEditorFlags: 4294967295
  m_IsActive: 1
--- !u!4 &1645928203
Transform:
  m_ObjectHideFlags: 0
  m_PrefabParentObject: {fileID: 400000, guid: 707f271b2a6264ce59d306fa4851ad3f, type: 2}
  m_PrefabInternal: {fileID: 1225147737}
  m_GameObject: {fileID: 1645928202}
  m_LocalRotation: {x: -.707106829, y: 0, z: -0, w: .707106829}
  m_LocalPosition: {x: 0, y: 0, z: 0}
  m_LocalScale: {x: 1, y: 1, z: 1}
  m_Children: []
  m_Father: {fileID: 1079176445}
  m_RootOrder: 2
--- !u!64 &1645928204
MeshCollider:
  m_ObjectHideFlags: 0
  m_PrefabParentObject: {fileID: 6400000, guid: 707f271b2a6264ce59d306fa4851ad3f,
    type: 2}
  m_PrefabInternal: {fileID: 1225147737}
  m_GameObject: {fileID: 1645928202}
  m_Material: {fileID: 13400000, guid: 99e86ee0ad11f8d6d00011d98d76c639, type: 2}
  m_IsTrigger: 0
  m_Enabled: 1
  serializedVersion: 2
  m_Convex: 0
  m_Mesh: {fileID: 4300000, guid: 19cd740d4662e480ab8c18306c74b538, type: 3}
--- !u!23 &1645928205
MeshRenderer:
  m_ObjectHideFlags: 0
  m_PrefabParentObject: {fileID: 2300000, guid: 707f271b2a6264ce59d306fa4851ad3f,
    type: 2}
  m_PrefabInternal: {fileID: 1225147737}
  m_GameObject: {fileID: 1645928202}
  m_Enabled: 1
  m_CastShadows: 1
  m_ReceiveShadows: 1
  m_Materials:
  - {fileID: 2100000, guid: cf02aba9bfd84444d8107e5f91af0621, type: 2}
  - {fileID: 2100000, guid: 64aaaeb38d9a54fcd81e503183cfb074, type: 2}
  m_SubsetIndices: 
  m_StaticBatchRoot: {fileID: 0}
  m_UseLightProbes: 0
  m_ReflectionProbeUsage: 1
  m_ProbeAnchor: {fileID: 0}
  m_ScaleInLightmap: 1
  m_PreserveUVs: 0
  m_ImportantGI: 0
  m_AutoUVMaxDistance: .5
  m_AutoUVMaxAngle: 89
  m_LightmapParameters: {fileID: 0}
  m_SortingLayerID: 0
  m_SortingOrder: 0
--- !u!33 &1645928206
MeshFilter:
  m_ObjectHideFlags: 0
  m_PrefabParentObject: {fileID: 3300000, guid: 707f271b2a6264ce59d306fa4851ad3f,
    type: 2}
  m_PrefabInternal: {fileID: 1225147737}
  m_GameObject: {fileID: 1645928202}
  m_Mesh: {fileID: 4300000, guid: 19cd740d4662e480ab8c18306c74b538, type: 3}
--- !u!1 &1674349480
GameObject:
  m_ObjectHideFlags: 0
  m_PrefabParentObject: {fileID: 100036, guid: 821a36a3d4e7a48a2bc880cfd9dd993c, type: 2}
  m_PrefabInternal: {fileID: 0}
  serializedVersion: 4
  m_Component:
  - 4: {fileID: 1674349481}
  - 33: {fileID: 1674349484}
  - 23: {fileID: 1674349483}
  - 64: {fileID: 1674349482}
  m_Layer: 0
  m_Name: tile23_floor
  m_TagString: Untagged
  m_Icon: {fileID: 0}
  m_NavMeshLayer: 0
  m_StaticEditorFlags: 4294967295
  m_IsActive: 1
--- !u!4 &1674349481
Transform:
  m_ObjectHideFlags: 0
  m_PrefabParentObject: {fileID: 400036, guid: 821a36a3d4e7a48a2bc880cfd9dd993c, type: 2}
  m_PrefabInternal: {fileID: 0}
  m_GameObject: {fileID: 1674349480}
  m_LocalRotation: {x: -.707106829, y: 0, z: -0, w: .707106829}
  m_LocalPosition: {x: 95.128273, y: 115.38855, z: -38.9337654}
  m_LocalScale: {x: 1, y: 1, z: 1}
  m_Children: []
  m_Father: {fileID: 1139180782}
  m_RootOrder: 0
--- !u!64 &1674349482
MeshCollider:
  m_ObjectHideFlags: 0
  m_PrefabParentObject: {fileID: 6400018, guid: 821a36a3d4e7a48a2bc880cfd9dd993c,
    type: 2}
  m_PrefabInternal: {fileID: 0}
  m_GameObject: {fileID: 1674349480}
  m_Material: {fileID: 13400000, guid: 1a2b57188e985c74899ad675bf3ef8fc, type: 2}
  m_IsTrigger: 0
  m_Enabled: 1
  serializedVersion: 2
  m_Convex: 0
  m_Mesh: {fileID: 4300002, guid: 911ef39b0aa22479f8895d3daa83ca1f, type: 3}
--- !u!23 &1674349483
MeshRenderer:
  m_ObjectHideFlags: 0
  m_PrefabParentObject: {fileID: 2300022, guid: 821a36a3d4e7a48a2bc880cfd9dd993c,
    type: 2}
  m_PrefabInternal: {fileID: 0}
  m_GameObject: {fileID: 1674349480}
  m_Enabled: 1
  m_CastShadows: 1
  m_ReceiveShadows: 1
  m_Materials:
  - {fileID: 2100000, guid: 03c6ad49bf50e3841ae6b9ae0ccef4e0, type: 2}
  m_SubsetIndices: 
  m_StaticBatchRoot: {fileID: 0}
  m_UseLightProbes: 0
  m_ReflectionProbeUsage: 1
  m_ProbeAnchor: {fileID: 0}
  m_ScaleInLightmap: 1
  m_PreserveUVs: 0
  m_ImportantGI: 0
  m_AutoUVMaxDistance: .5
  m_AutoUVMaxAngle: 89
  m_LightmapParameters: {fileID: 0}
  m_SortingLayerID: 0
  m_SortingOrder: 0
--- !u!33 &1674349484
MeshFilter:
  m_ObjectHideFlags: 0
  m_PrefabParentObject: {fileID: 3300022, guid: 821a36a3d4e7a48a2bc880cfd9dd993c,
    type: 2}
  m_PrefabInternal: {fileID: 0}
  m_GameObject: {fileID: 1674349480}
  m_Mesh: {fileID: 4300002, guid: 911ef39b0aa22479f8895d3daa83ca1f, type: 3}
--- !u!1 &1751960820
GameObject:
  m_ObjectHideFlags: 0
  m_PrefabParentObject: {fileID: 0}
  m_PrefabInternal: {fileID: 0}
  serializedVersion: 4
  m_Component:
  - 4: {fileID: 1751960821}
  m_Layer: 0
  m_Name: Tiles
  m_TagString: Untagged
  m_Icon: {fileID: 0}
  m_NavMeshLayer: 0
  m_StaticEditorFlags: 4294967295
  m_IsActive: 1
--- !u!4 &1751960821
Transform:
  m_ObjectHideFlags: 0
  m_PrefabParentObject: {fileID: 0}
  m_PrefabInternal: {fileID: 0}
  m_GameObject: {fileID: 1751960820}
  m_LocalRotation: {x: 0, y: 0, z: 0, w: 1}
  m_LocalPosition: {x: 0, y: 0, z: 0}
  m_LocalScale: {x: .100000001, y: .100000001, z: .100000001}
  m_Children:
  - {fileID: 239623617}
  - {fileID: 835928797}
  - {fileID: 1079176445}
  m_Father: {fileID: 0}
  m_RootOrder: 5
--- !u!1 &1873378700
GameObject:
  m_ObjectHideFlags: 0
  m_PrefabParentObject: {fileID: 100028, guid: 821a36a3d4e7a48a2bc880cfd9dd993c, type: 2}
  m_PrefabInternal: {fileID: 0}
  serializedVersion: 4
  m_Component:
  - 4: {fileID: 1873378701}
  m_Layer: 9
  m_Name: TrailNode
  m_TagString: Untagged
  m_Icon: {fileID: 0}
  m_NavMeshLayer: 0
  m_StaticEditorFlags: 0
  m_IsActive: 1
--- !u!4 &1873378701
Transform:
  m_ObjectHideFlags: 0
  m_PrefabParentObject: {fileID: 400028, guid: 821a36a3d4e7a48a2bc880cfd9dd993c, type: 2}
  m_PrefabInternal: {fileID: 0}
  m_GameObject: {fileID: 1873378700}
  m_LocalRotation: {x: 0, y: 1, z: 0, w: -1.62920685e-07}
  m_LocalPosition: {x: 0, y: 0, z: 0}
  m_LocalScale: {x: 10, y: 10, z: 10}
  m_Children:
  - {fileID: 1073989534}
  m_Father: {fileID: 1979561902}
  m_RootOrder: 0
--- !u!1 &1934624686
GameObject:
  m_ObjectHideFlags: 0
  m_PrefabParentObject: {fileID: 0}
  m_PrefabInternal: {fileID: 0}
  serializedVersion: 4
  m_Component:
  - 4: {fileID: 1934624689}
  - 218: {fileID: 1934624688}
  - 154: {fileID: 1934624687}
  m_Layer: 0
  m_Name: Terrain Hole 15D
  m_TagString: Untagged
  m_Icon: {fileID: 0}
  m_NavMeshLayer: 0
  m_StaticEditorFlags: 4294967295
  m_IsActive: 1
--- !u!154 &1934624687
TerrainCollider:
  m_ObjectHideFlags: 0
  m_PrefabParentObject: {fileID: 0}
  m_PrefabInternal: {fileID: 0}
  m_GameObject: {fileID: 1934624686}
  m_Material: {fileID: 0}
  m_Enabled: 0
  m_TerrainData: {fileID: 15600000, guid: c5d47054932594d46a5394362087c58b, type: 2}
  m_EnableTreeColliders: 1
--- !u!218 &1934624688
Terrain:
  m_ObjectHideFlags: 0
  m_PrefabParentObject: {fileID: 0}
  m_PrefabInternal: {fileID: 0}
  m_GameObject: {fileID: 1934624686}
  m_Enabled: 1
  serializedVersion: 3
  m_TerrainData: {fileID: 15600000, guid: c5d47054932594d46a5394362087c58b, type: 2}
  m_TreeDistance: 5000
  m_TreeBillboardDistance: 50
  m_TreeCrossFadeLength: 5
  m_TreeMaximumFullLODCount: 50
  m_DetailObjectDistance: 80
  m_DetailObjectDensity: 1
  m_HeightmapPixelError: 5
  m_SplatMapDistance: 1000
  m_HeightmapMaximumLOD: 0
  m_CastShadows: 1
  m_DrawHeightmap: 1
  m_DrawTreesAndFoliage: 1
  m_ReflectionProbeUsage: 1
  m_MaterialType: 1
  m_LegacySpecular:
    serializedVersion: 2
    rgba: 4286545791
  m_LegacyShininess: .078125
  m_MaterialTemplate: {fileID: 0}
  m_BakeLightProbesForTrees: 1
  m_ScaleInLightmap: 1
  m_LightmapParameters: {fileID: 15203, guid: 0000000000000000f000000000000000, type: 0}
--- !u!4 &1934624689
Transform:
  m_ObjectHideFlags: 0
  m_PrefabParentObject: {fileID: 0}
  m_PrefabInternal: {fileID: 0}
  m_GameObject: {fileID: 1934624686}
  m_LocalRotation: {x: 0, y: 0, z: 0, w: 1}
  m_LocalPosition: {x: -82.0817261, y: .419235229, z: -84.0606003}
  m_LocalScale: {x: 1, y: 1, z: 1}
  m_Children: []
  m_Father: {fileID: 0}
  m_RootOrder: 4
--- !u!1 &1936023416
GameObject:
  m_ObjectHideFlags: 0
  m_PrefabParentObject: {fileID: 100002, guid: 55275d55d3b904062a94edb227e0037f, type: 2}
  m_PrefabInternal: {fileID: 0}
  serializedVersion: 4
  m_Component:
  - 4: {fileID: 1936023417}
  - 33: {fileID: 1936023420}
  - 23: {fileID: 1936023419}
  - 64: {fileID: 1936023418}
  m_Layer: 0
  m_Name: tile10_floor
  m_TagString: Untagged
  m_Icon: {fileID: 0}
  m_NavMeshLayer: 0
  m_StaticEditorFlags: 4294967295
  m_IsActive: 1
--- !u!4 &1936023417
Transform:
  m_ObjectHideFlags: 0
  m_PrefabParentObject: {fileID: 400002, guid: 55275d55d3b904062a94edb227e0037f, type: 2}
  m_PrefabInternal: {fileID: 0}
  m_GameObject: {fileID: 1936023416}
  m_LocalRotation: {x: -.707106829, y: 0, z: -0, w: .707106829}
  m_LocalPosition: {x: -34.8193512, y: 59.432724, z: -38.9293976}
  m_LocalScale: {x: .163222283, y: 1, z: 1}
  m_Children: []
  m_Father: {fileID: 835928797}
  m_RootOrder: 0
--- !u!64 &1936023418
MeshCollider:
  m_ObjectHideFlags: 0
  m_PrefabParentObject: {fileID: 6400002, guid: 55275d55d3b904062a94edb227e0037f,
    type: 2}
  m_PrefabInternal: {fileID: 0}
  m_GameObject: {fileID: 1936023416}
  m_Material: {fileID: 13400000, guid: 5410a64fad11e8d6d00011d98d76c639, type: 2}
  m_IsTrigger: 0
  m_Enabled: 1
  serializedVersion: 2
  m_Convex: 0
  m_Mesh: {fileID: 4300002, guid: 52bd6ed38de9947388a8b569567f876b, type: 3}
--- !u!23 &1936023419
MeshRenderer:
  m_ObjectHideFlags: 0
  m_PrefabParentObject: {fileID: 2300002, guid: 55275d55d3b904062a94edb227e0037f,
    type: 2}
  m_PrefabInternal: {fileID: 0}
  m_GameObject: {fileID: 1936023416}
  m_Enabled: 1
  m_CastShadows: 1
  m_ReceiveShadows: 1
  m_Materials:
  - {fileID: 2100000, guid: 5504b3f852abd4a9aba674539e4c876e, type: 2}
  m_SubsetIndices: 
  m_StaticBatchRoot: {fileID: 0}
  m_UseLightProbes: 0
  m_ReflectionProbeUsage: 1
  m_ProbeAnchor: {fileID: 0}
  m_ScaleInLightmap: 1
  m_PreserveUVs: 0
  m_ImportantGI: 0
  m_AutoUVMaxDistance: .5
  m_AutoUVMaxAngle: 89
  m_LightmapParameters: {fileID: 0}
  m_SortingLayerID: 0
  m_SortingOrder: 0
--- !u!33 &1936023420
MeshFilter:
  m_ObjectHideFlags: 0
  m_PrefabParentObject: {fileID: 3300002, guid: 55275d55d3b904062a94edb227e0037f,
    type: 2}
  m_PrefabInternal: {fileID: 0}
  m_GameObject: {fileID: 1936023416}
  m_Mesh: {fileID: 4300002, guid: 52bd6ed38de9947388a8b569567f876b, type: 3}
--- !u!1 &1949166181
GameObject:
  m_ObjectHideFlags: 0
  m_PrefabParentObject: {fileID: 100036, guid: f8eb00a394ccb4c6997d3ed3c38c5d44, type: 2}
  m_PrefabInternal: {fileID: 0}
  serializedVersion: 4
  m_Component:
  - 4: {fileID: 1949166182}
  - 114: {fileID: 1949166183}
  m_Layer: 0
  m_Name: Startup
  m_TagString: Untagged
  m_Icon: {fileID: 0}
  m_NavMeshLayer: 0
  m_StaticEditorFlags: 0
  m_IsActive: 1
--- !u!4 &1949166182
Transform:
  m_ObjectHideFlags: 0
  m_PrefabParentObject: {fileID: 400036, guid: f8eb00a394ccb4c6997d3ed3c38c5d44, type: 2}
  m_PrefabInternal: {fileID: 0}
  m_GameObject: {fileID: 1949166181}
  m_LocalRotation: {x: 0, y: 0, z: 0, w: 1}
  m_LocalPosition: {x: 0, y: 0, z: 0}
  m_LocalScale: {x: 1, y: 1, z: 1}
  m_Children:
  - {fileID: 2009321051}
  - {fileID: 340011351}
  m_Father: {fileID: 127075584}
  m_RootOrder: 1
--- !u!114 &1949166183
MonoBehaviour:
  m_ObjectHideFlags: 0
  m_PrefabParentObject: {fileID: 11400010, guid: f8eb00a394ccb4c6997d3ed3c38c5d44,
    type: 2}
  m_PrefabInternal: {fileID: 0}
  m_GameObject: {fileID: 1949166181}
  m_Enabled: 1
  m_EditorHideFlags: 0
  m_Script: {fileID: 11500000, guid: 7931b9b253e434a9ca9552ce86d14215, type: 3}
  m_Name: 
  m_EditorClassIdentifier: 
  prefabDroid: {fileID: 100024, guid: 814b7bb61c62f4c46b0a1be359b5341e, type: 2}
  prefabIOS: {fileID: 100024, guid: fbf16c344d741495c9afdc3fb4ea9fb4, type: 2}
  prefab: {fileID: 100024, guid: 814b7bb61c62f4c46b0a1be359b5341e, type: 2}
--- !u!1 &1979561901
GameObject:
  m_ObjectHideFlags: 0
  m_PrefabParentObject: {fileID: 100030, guid: 821a36a3d4e7a48a2bc880cfd9dd993c, type: 2}
  m_PrefabInternal: {fileID: 0}
  serializedVersion: 4
  m_Component:
  - 4: {fileID: 1979561902}
  - 33: {fileID: 1979561909}
  - 23: {fileID: 1979561908}
  - 114: {fileID: 1979561907}
  - 54: {fileID: 1979561906}
  - 82: {fileID: 1979561905}
  - 135: {fileID: 1979561904}
  - 114: {fileID: 1979561903}
  m_Layer: 12
  m_Name: Ball
  m_TagString: Player
  m_Icon: {fileID: 0}
  m_NavMeshLayer: 0
  m_StaticEditorFlags: 0
  m_IsActive: 1
--- !u!4 &1979561902
Transform:
  m_ObjectHideFlags: 0
  m_PrefabParentObject: {fileID: 400026, guid: 821a36a3d4e7a48a2bc880cfd9dd993c, type: 2}
  m_PrefabInternal: {fileID: 0}
  m_GameObject: {fileID: 1979561901}
  m_LocalRotation: {x: 0, y: 1, z: 0, w: -1.62920685e-07}
  m_LocalPosition: {x: -18.5691395, y: 14.3444386, z: 11.6805744}
  m_LocalScale: {x: 1, y: 1, z: 1}
  m_Children:
  - {fileID: 1873378701}
  m_Father: {fileID: 2129862748}
  m_RootOrder: 0
--- !u!114 &1979561903
MonoBehaviour:
  m_ObjectHideFlags: 0
  m_PrefabParentObject: {fileID: 11400002, guid: 821a36a3d4e7a48a2bc880cfd9dd993c,
    type: 2}
  m_PrefabInternal: {fileID: 0}
  m_GameObject: {fileID: 1979561901}
  m_Enabled: 1
  m_EditorHideFlags: 0
  m_Script: {fileID: 11500000, guid: a2816d47e7d2d493dab89bbbc033df60, type: 3}
  m_Name: 
  m_EditorClassIdentifier: 
  volScalar: 1
  useUpdate: 1
--- !u!135 &1979561904
SphereCollider:
  m_ObjectHideFlags: 0
  m_PrefabParentObject: {fileID: 13500000, guid: 821a36a3d4e7a48a2bc880cfd9dd993c,
    type: 2}
  m_PrefabInternal: {fileID: 0}
  m_GameObject: {fileID: 1979561901}
  m_Material: {fileID: 13400000, guid: cbc45ef4418608e43a58b4b4d3afff3e, type: 2}
  m_IsTrigger: 0
  m_Enabled: 1
  serializedVersion: 2
  m_Radius: .213
  m_Center: {x: 0, y: 0, z: 0}
--- !u!82 &1979561905
AudioSource:
  m_ObjectHideFlags: 0
  m_PrefabParentObject: {fileID: 8200000, guid: 821a36a3d4e7a48a2bc880cfd9dd993c,
    type: 2}
  m_PrefabInternal: {fileID: 0}
  m_GameObject: {fileID: 1979561901}
  m_Enabled: 1
  serializedVersion: 4
  OutputAudioMixerGroup: {fileID: 0}
  m_audioClip: {fileID: 0}
  m_PlayOnAwake: 0
  m_Volume: 1
  m_Pitch: 1
  Loop: 0
  Mute: 0
  Spatialize: 0
  Priority: 128
  DopplerLevel: 1
  MinDistance: 1
  MaxDistance: 500
  Pan2D: 0
  rolloffMode: 2
  BypassEffects: 0
  BypassListenerEffects: 0
  BypassReverbZones: 0
  rolloffCustomCurve:
    serializedVersion: 2
    m_Curve:
    - time: 0
      value: 1
      inSlope: 7.00649232e-43
      outSlope: 4.62427991e-36
      tangentMode: 0
    - time: .000200000009
      value: 1
      inSlope: 0
      outSlope: 0
      tangentMode: 0
    - time: .000400000019
      value: 1
      inSlope: 0
      outSlope: 0
      tangentMode: 0
    - time: .000800000038
      value: 1
      inSlope: 0
      outSlope: 0
      tangentMode: 0
    - time: .00160000008
      value: 1
      inSlope: 0
      outSlope: 0
      tangentMode: 0
    - time: .00320000015
      value: .943396211
      inSlope: -45.1818085
      outSlope: -43.8380966
      tangentMode: 0
    - time: .0064000003
      value: .819672108
      inSlope: -34.4980507
      outSlope: -32.7344971
      tangentMode: 0
    - time: .0128000006
      value: .649350643
      inSlope: -21.996954
      outSlope: -20.2415962
      tangentMode: 0
    - time: .0256000012
      value: .458715588
      inSlope: -11.1772795
      outSlope: -9.93751431
      tangentMode: 0
    - time: .0512000024
      value: .289017349
      inSlope: -4.51025534
      outSlope: -3.88882446
      tangentMode: 0
    - time: .102400005
      value: .166112959
      inSlope: -1.50792325
      outSlope: -1.2715317
      tangentMode: 0
    - time: .20480001
      value: .0897666067
      inSlope: -.443686068
      outSlope: -.368984908
      tangentMode: 0
    - time: .409600019
      value: .0467726849
      inSlope: -.120972067
      outSlope: -.0998222232
      tangentMode: 0
    - time: .819200039
      value: .0238891542
      inSlope: -.0316295177
      outSlope: -.0259913355
      tangentMode: 0
    - time: 1
      value: .0196463652
      inSlope: 7.00649232e-43
      outSlope: 4.62427991e-36
      tangentMode: 0
    m_PreInfinity: 2
    m_PostInfinity: 2
  panLevelCustomCurve:
    serializedVersion: 2
    m_Curve:
    - time: 0
      value: 1
      inSlope: 0
      outSlope: 0
      tangentMode: 0
    m_PreInfinity: 2
    m_PostInfinity: 2
  spreadCustomCurve:
    serializedVersion: 2
    m_Curve:
    - time: 0
      value: 0
      inSlope: 0
      outSlope: 0
      tangentMode: 0
    m_PreInfinity: 2
    m_PostInfinity: 2
  reverbZoneMixCustomCurve:
    serializedVersion: 2
    m_Curve:
    - time: 0
      value: 1
      inSlope: 0
      outSlope: 0
      tangentMode: 0
    m_PreInfinity: 2
    m_PostInfinity: 2
--- !u!54 &1979561906
Rigidbody:
  m_ObjectHideFlags: 0
  m_PrefabParentObject: {fileID: 5400000, guid: 821a36a3d4e7a48a2bc880cfd9dd993c,
    type: 2}
  m_PrefabInternal: {fileID: 0}
  m_GameObject: {fileID: 1979561901}
  serializedVersion: 2
  m_Mass: 3.83999991
  m_Drag: .100000001
  m_AngularDrag: .100000001
  m_UseGravity: 1
  m_IsKinematic: 0
  m_Interpolate: 1
  m_Constraints: 0
  m_CollisionDetection: 1
--- !u!114 &1979561907
MonoBehaviour:
  m_ObjectHideFlags: 0
  m_PrefabParentObject: {fileID: 11400000, guid: 821a36a3d4e7a48a2bc880cfd9dd993c,
    type: 2}
  m_PrefabInternal: {fileID: 0}
  m_GameObject: {fileID: 1979561901}
  m_Enabled: 1
  m_EditorHideFlags: 0
  m_Script: {fileID: 11500000, guid: 2d8a28e8d7bcd4f38a64fc3fca23a649, type: 3}
  m_Name: 
  m_EditorClassIdentifier: 
  fireButtonTex: {fileID: 2800000, guid: ae3d7049cbf2a421e8240105070db2b3, type: 3}
  initalMode: 1
  m_ballMode: 0
  rotateSpeed: 1.5
  minPower: .00625000009
  maxPower: 1
  powerScale: .100000001
  m_currentPower: 0
  ballForce: 17500
  fallTime: 2
  minRollTime: 1.20000005
  maxRollTime: 3
  minVelocity: .0500000007
  minAngularVelocity: 5.5999999
  requiredStoppedTime: 1
  greenTex: {fileID: 2800000, guid: df067abbabd2a463b9382ba5bde158de, type: 3}
  redTex: {fileID: 2800000, guid: be5689c36f3e7416aa807a38f0dee5ca, type: 3}
  wallHitAC: {fileID: 8300000, guid: 215377022702b43bbb0dc4ad2e148965, type: 3}
  strokeAC: {fileID: 8300000, guid: a7004710a1250429c97cedf4b3611914, type: 3}
  slowDownDrag: 1.25
  slowDownAngularDrag: .5
  useSuperBounce: 0
  wallBoostTime: 1
  wallBoostScalar: 1.25
  ballPhysicsMat: {fileID: 13400000, guid: cbc45ef4418608e43a58b4b4d3afff3e, type: 2}
  onTeeSpeed: 12
  teeBounds: {x: -2, y: 2, z: -1, w: 1}
  onWallHitGO: {fileID: 100000, guid: 9c5bd6070cd5d481abdb8755ff51fd7a, type: 2}
  onWaterHitGO: {fileID: 100000, guid: caf20877f7cce4351a9b1cfef8dcd186, type: 2}
  birdsEye: {fileID: 0}
  powerSpeedChange: .550000012
  repeatButtonGS:
    m_Name: 
    m_Normal:
      m_Background: {fileID: 0}
      m_TextColor: {r: 0, g: 0, b: 0, a: 1}
    m_Hover:
      m_Background: {fileID: 0}
      m_TextColor: {r: 0, g: 0, b: 0, a: 1}
    m_Active:
      m_Background: {fileID: 0}
      m_TextColor: {r: 0, g: 0, b: 0, a: 1}
    m_Focused:
      m_Background: {fileID: 0}
      m_TextColor: {r: 0, g: 0, b: 0, a: 1}
    m_OnNormal:
      m_Background: {fileID: 0}
      m_TextColor: {r: 0, g: 0, b: 0, a: 1}
    m_OnHover:
      m_Background: {fileID: 0}
      m_TextColor: {r: 0, g: 0, b: 0, a: 1}
    m_OnActive:
      m_Background: {fileID: 0}
      m_TextColor: {r: 0, g: 0, b: 0, a: 1}
    m_OnFocused:
      m_Background: {fileID: 0}
      m_TextColor: {r: 0, g: 0, b: 0, a: 1}
    m_Border:
      m_Left: 0
      m_Right: 0
      m_Top: 0
      m_Bottom: 0
    m_Margin:
      m_Left: 0
      m_Right: 0
      m_Top: 0
      m_Bottom: 0
    m_Padding:
      m_Left: 0
      m_Right: 0
      m_Top: 0
      m_Bottom: 0
    m_Overflow:
      m_Left: 0
      m_Right: 0
      m_Top: 0
      m_Bottom: 0
    m_Font: {fileID: 0}
    m_FontSize: 0
    m_FontStyle: 0
    m_Alignment: 0
    m_WordWrap: 0
    m_RichText: 1
    m_TextClipping: 0
    m_ImagePosition: 0
    m_ContentOffset: {x: 0, y: 0}
    m_FixedWidth: 0
    m_FixedHeight: 0
    m_StretchWidth: 1
    m_StretchHeight: 0
  aimDisabled: 0
--- !u!23 &1979561908
MeshRenderer:
  m_ObjectHideFlags: 0
  m_PrefabParentObject: {fileID: 2300016, guid: 821a36a3d4e7a48a2bc880cfd9dd993c,
    type: 2}
  m_PrefabInternal: {fileID: 0}
  m_GameObject: {fileID: 1979561901}
  m_Enabled: 1
  m_CastShadows: 0
  m_ReceiveShadows: 1
  m_Materials:
  - {fileID: 2100000, guid: d3443ac707f3e5347a390c0eda90c81a, type: 2}
  m_SubsetIndices: 
  m_StaticBatchRoot: {fileID: 0}
  m_UseLightProbes: 0
  m_ReflectionProbeUsage: 1
  m_ProbeAnchor: {fileID: 0}
  m_ScaleInLightmap: 1
  m_PreserveUVs: 0
  m_ImportantGI: 0
  m_AutoUVMaxDistance: .5
  m_AutoUVMaxAngle: 89
  m_LightmapParameters: {fileID: 0}
  m_SortingLayerID: 0
  m_SortingOrder: 0
--- !u!33 &1979561909
MeshFilter:
  m_ObjectHideFlags: 0
  m_PrefabParentObject: {fileID: 3300016, guid: 821a36a3d4e7a48a2bc880cfd9dd993c,
    type: 2}
  m_PrefabInternal: {fileID: 0}
  m_GameObject: {fileID: 1979561901}
  m_Mesh: {fileID: 4300000, guid: 08feb961463a3534fac0e17a47ff75a9, type: 3}
--- !u!1 &2009321050
GameObject:
  m_ObjectHideFlags: 0
  m_PrefabParentObject: {fileID: 100038, guid: f8eb00a394ccb4c6997d3ed3c38c5d44, type: 2}
  m_PrefabInternal: {fileID: 0}
  serializedVersion: 4
  m_Component:
  - 4: {fileID: 2009321051}
  - 20: {fileID: 2009321052}
  - 92: {fileID: 2009321055}
  - 124: {fileID: 2009321056}
  - 81: {fileID: 2009321054}
  - 114: {fileID: 2009321060}
  - 114: {fileID: 2009321059}
  - 114: {fileID: 2009321058}
  - 114: {fileID: 2009321057}
  - 114: {fileID: 2009321061}
  - 45: {fileID: 2009321053}
  m_Layer: 0
  m_Name: Camera
  m_TagString: MainCamera
  m_Icon: {fileID: 0}
  m_NavMeshLayer: 0
  m_StaticEditorFlags: 0
  m_IsActive: 1
--- !u!4 &2009321051
Transform:
  m_ObjectHideFlags: 0
  m_PrefabParentObject: {fileID: 400038, guid: f8eb00a394ccb4c6997d3ed3c38c5d44, type: 2}
  m_PrefabInternal: {fileID: 0}
  m_GameObject: {fileID: 2009321050}
  m_LocalRotation: {x: .29237169, y: 0, z: 0, w: .956304789}
  m_LocalPosition: {x: 147.873917, y: 44, z: -80}
  m_LocalScale: {x: 1, y: 1, z: 1}
  m_Children:
  - {fileID: 1255204957}
  m_Father: {fileID: 1949166182}
  m_RootOrder: 0
--- !u!20 &2009321052
Camera:
  m_ObjectHideFlags: 0
  m_PrefabParentObject: {fileID: 2000004, guid: f8eb00a394ccb4c6997d3ed3c38c5d44,
    type: 2}
  m_PrefabInternal: {fileID: 0}
  m_GameObject: {fileID: 2009321050}
  m_Enabled: 1
  serializedVersion: 2
  m_ClearFlags: 1
  m_BackGroundColor: {r: 1, g: 1, b: 1, a: .0196078438}
  m_NormalizedViewPortRect:
    serializedVersion: 2
    x: 0
    y: 0
    width: 1
    height: 1
  near clip plane: .300000012
  far clip plane: 1000
  field of view: 65
  orthographic: 0
  orthographic size: 100
  m_Depth: -1
  m_CullingMask:
    serializedVersion: 2
    m_Bits: 4294964735
  m_RenderingPath: -1
  m_TargetTexture: {fileID: 0}
  m_TargetDisplay: 0
  m_TargetEye: 3
  m_HDR: 0
  m_OcclusionCulling: 1
  m_StereoConvergence: 10
  m_StereoSeparation: .0219999999
  m_StereoMirrorMode: 0
--- !u!45 &2009321053
Skybox:
  m_ObjectHideFlags: 0
  m_PrefabParentObject: {fileID: 4500000, guid: f8eb00a394ccb4c6997d3ed3c38c5d44,
    type: 2}
  m_PrefabInternal: {fileID: 0}
  m_GameObject: {fileID: 2009321050}
  m_Enabled: 1
  m_CustomSkybox: {fileID: 2100000, guid: a2126534b3a11b34e977105bd9e3cc03, type: 2}
--- !u!81 &2009321054
AudioListener:
  m_ObjectHideFlags: 0
  m_PrefabParentObject: {fileID: 8100000, guid: f8eb00a394ccb4c6997d3ed3c38c5d44,
    type: 2}
  m_PrefabInternal: {fileID: 0}
  m_GameObject: {fileID: 2009321050}
  m_Enabled: 1
--- !u!92 &2009321055
Behaviour:
  m_ObjectHideFlags: 0
  m_PrefabParentObject: {fileID: 9200004, guid: f8eb00a394ccb4c6997d3ed3c38c5d44,
    type: 2}
  m_PrefabInternal: {fileID: 0}
  m_GameObject: {fileID: 2009321050}
  m_Enabled: 1
--- !u!124 &2009321056
Behaviour:
  m_ObjectHideFlags: 0
  m_PrefabParentObject: {fileID: 12400000, guid: f8eb00a394ccb4c6997d3ed3c38c5d44,
    type: 2}
  m_PrefabInternal: {fileID: 0}
  m_GameObject: {fileID: 2009321050}
  m_Enabled: 1
--- !u!114 &2009321057
MonoBehaviour:
  m_ObjectHideFlags: 0
  m_PrefabParentObject: {fileID: 11400012, guid: f8eb00a394ccb4c6997d3ed3c38c5d44,
    type: 2}
  m_PrefabInternal: {fileID: 0}
  m_GameObject: {fileID: 2009321050}
  m_Enabled: 1
  m_EditorHideFlags: 0
  m_Script: {fileID: 11500000, guid: 3429607681839490d94b1b0072fb039c, type: 3}
  m_Name: 
  m_EditorClassIdentifier: 
  spinSpeed: 10
  cameraOffset: {x: 30, y: 30, z: 30}
  m_on: 0
--- !u!114 &2009321058
MonoBehaviour:
  m_ObjectHideFlags: 0
  m_PrefabParentObject: {fileID: 11400014, guid: f8eb00a394ccb4c6997d3ed3c38c5d44,
    type: 2}
  m_PrefabInternal: {fileID: 0}
  m_GameObject: {fileID: 2009321050}
  m_Enabled: 1
  m_EditorHideFlags: 0
  m_Script: {fileID: 11500000, guid: 19ecd15cbe3114b45b21cf37f1d54290, type: 3}
  m_Name: 
  m_EditorClassIdentifier: 
  m_on: 0
  lookSlerp: .5
  zOffset: 5
  yOffset: 2
--- !u!114 &2009321059
MonoBehaviour:
  m_ObjectHideFlags: 0
  m_PrefabParentObject: {fileID: 11400016, guid: f8eb00a394ccb4c6997d3ed3c38c5d44,
    type: 2}
  m_PrefabInternal: {fileID: 0}
  m_GameObject: {fileID: 2009321050}
  m_Enabled: 1
  m_EditorHideFlags: 0
  m_Script: {fileID: 11500000, guid: 5f0c0d0b8b4ca45e2bf48214d3ed3d29, type: 3}
  m_Name: 
  m_EditorClassIdentifier: 
  cameraOffset: {x: 0, y: 4, z: -4}
  targetOffset: {x: 0, y: 2, z: 2}
  m_on: 0
  rotateTowardsTime: .5
  alphaColor: .5
--- !u!114 &2009321060
MonoBehaviour:
  m_ObjectHideFlags: 0
  m_PrefabParentObject: {fileID: 11400018, guid: f8eb00a394ccb4c6997d3ed3c38c5d44,
    type: 2}
  m_PrefabInternal: {fileID: 0}
  m_GameObject: {fileID: 2009321050}
  m_Enabled: 1
  m_EditorHideFlags: 0
  m_Script: {fileID: 11500000, guid: 2b12effd7f283434898573913b9765df, type: 3}
  m_Name: 
  m_EditorClassIdentifier: 
  spinSpeed: 30
  cameraOffset: {x: 20, y: 20, z: 20}
  m_on: 1
--- !u!114 &2009321061
MonoBehaviour:
  m_ObjectHideFlags: 0
  m_PrefabParentObject: {fileID: 11400020, guid: f8eb00a394ccb4c6997d3ed3c38c5d44,
    type: 2}
  m_PrefabInternal: {fileID: 0}
  m_GameObject: {fileID: 2009321050}
  m_Enabled: 1
  m_EditorHideFlags: 0
  m_Script: {fileID: 11500000, guid: ac58c9593ec1c4012bc3993f069b68c0, type: 3}
  m_Name: 
  m_EditorClassIdentifier: 
  m_on: 0
  rotateTowardsTime: .5
  cameraOffset: {x: 0, y: 55, z: .100000001}
--- !u!1 &2016165077
GameObject:
  m_ObjectHideFlags: 0
  m_PrefabParentObject: {fileID: 100002, guid: 4dbc25e9a47ce4526942367cd99d2acc, type: 2}
  m_PrefabInternal: {fileID: 0}
  serializedVersion: 4
  m_Component:
  - 4: {fileID: 2016165078}
  - 33: {fileID: 2016165081}
  - 23: {fileID: 2016165080}
  - 64: {fileID: 2016165079}
  m_Layer: 0
  m_Name: tile04_floor
  m_TagString: Untagged
  m_Icon: {fileID: 0}
  m_NavMeshLayer: 0
  m_StaticEditorFlags: 4294967295
  m_IsActive: 1
--- !u!4 &2016165078
Transform:
  m_ObjectHideFlags: 0
  m_PrefabParentObject: {fileID: 400002, guid: 4dbc25e9a47ce4526942367cd99d2acc, type: 2}
  m_PrefabInternal: {fileID: 0}
  m_GameObject: {fileID: 2016165077}
  m_LocalRotation: {x: -.707106829, y: 0, z: -0, w: .707106829}
  m_LocalPosition: {x: -34.8193512, y: 59.4326363, z: -38.9294968}
  m_LocalScale: {x: .351550668, y: 1, z: 1}
  m_Children: []
  m_Father: {fileID: 239623617}
  m_RootOrder: 0
--- !u!64 &2016165079
MeshCollider:
  m_ObjectHideFlags: 0
  m_PrefabParentObject: {fileID: 6400002, guid: 4dbc25e9a47ce4526942367cd99d2acc,
    type: 2}
  m_PrefabInternal: {fileID: 0}
  m_GameObject: {fileID: 2016165077}
  m_Material: {fileID: 13400000, guid: 5410a64fad11e8d6d00011d98d76c639, type: 2}
  m_IsTrigger: 0
  m_Enabled: 1
  serializedVersion: 2
  m_Convex: 0
  m_Mesh: {fileID: 4300002, guid: 642ec847cf7074ffd9840f54d8bc782a, type: 3}
--- !u!23 &2016165080
MeshRenderer:
  m_ObjectHideFlags: 0
  m_PrefabParentObject: {fileID: 2300002, guid: 4dbc25e9a47ce4526942367cd99d2acc,
    type: 2}
  m_PrefabInternal: {fileID: 0}
  m_GameObject: {fileID: 2016165077}
  m_Enabled: 1
  m_CastShadows: 1
  m_ReceiveShadows: 1
  m_Materials:
  - {fileID: 2100000, guid: 5504b3f852abd4a9aba674539e4c876e, type: 2}
  m_SubsetIndices: 
  m_StaticBatchRoot: {fileID: 0}
  m_UseLightProbes: 0
  m_ReflectionProbeUsage: 1
  m_ProbeAnchor: {fileID: 0}
  m_ScaleInLightmap: 1
  m_PreserveUVs: 0
  m_ImportantGI: 0
  m_AutoUVMaxDistance: .5
  m_AutoUVMaxAngle: 89
  m_LightmapParameters: {fileID: 0}
  m_SortingLayerID: 0
  m_SortingOrder: 0
--- !u!33 &2016165081
MeshFilter:
  m_ObjectHideFlags: 0
  m_PrefabParentObject: {fileID: 3300002, guid: 4dbc25e9a47ce4526942367cd99d2acc,
    type: 2}
  m_PrefabInternal: {fileID: 0}
  m_GameObject: {fileID: 2016165077}
  m_Mesh: {fileID: 4300002, guid: 642ec847cf7074ffd9840f54d8bc782a, type: 3}
--- !u!1 &2023332610
GameObject:
  m_ObjectHideFlags: 0
  m_PrefabParentObject: {fileID: 100040, guid: f8eb00a394ccb4c6997d3ed3c38c5d44, type: 2}
  m_PrefabInternal: {fileID: 0}
  serializedVersion: 4
  m_Component:
  - 4: {fileID: 2023332611}
  - 114: {fileID: 2023332612}
  m_Layer: 0
  m_Name: GameObject
  m_TagString: Untagged
  m_Icon: {fileID: 0}
  m_NavMeshLayer: 0
  m_StaticEditorFlags: 0
  m_IsActive: 1
--- !u!4 &2023332611
Transform:
  m_ObjectHideFlags: 0
  m_PrefabParentObject: {fileID: 400040, guid: f8eb00a394ccb4c6997d3ed3c38c5d44, type: 2}
  m_PrefabInternal: {fileID: 0}
  m_GameObject: {fileID: 2023332610}
  m_LocalRotation: {x: 0, y: 0, z: 0, w: 1}
  m_LocalPosition: {x: -.320649862, y: 0, z: 1.97733879}
  m_LocalScale: {x: 1, y: 1, z: 1}
  m_Children: []
  m_Father: {fileID: 127075584}
  m_RootOrder: 0
--- !u!114 &2023332612
MonoBehaviour:
  m_ObjectHideFlags: 0
  m_PrefabParentObject: {fileID: 11400022, guid: f8eb00a394ccb4c6997d3ed3c38c5d44,
    type: 2}
  m_PrefabInternal: {fileID: 0}
  m_GameObject: {fileID: 2023332610}
  m_Enabled: 1
  m_EditorHideFlags: 0
  m_Script: {fileID: 11500000, guid: fe243ea428d1d4326a6be04e96822218, type: 3}
  m_Name: 
  m_EditorClassIdentifier: 
  par: 2
--- !u!1 &2064910499
GameObject:
  m_ObjectHideFlags: 0
  m_PrefabParentObject: {fileID: 100014, guid: 821a36a3d4e7a48a2bc880cfd9dd993c, type: 2}
  m_PrefabInternal: {fileID: 0}
  serializedVersion: 4
  m_Component:
  - 4: {fileID: 2064910500}
  - 33: {fileID: 2064910503}
  - 23: {fileID: 2064910502}
  - 64: {fileID: 2064910501}
  m_Layer: 0
  m_Name: tile15_floor
  m_TagString: Untagged
  m_Icon: {fileID: 0}
  m_NavMeshLayer: 0
  m_StaticEditorFlags: 4294967295
  m_IsActive: 1
--- !u!4 &2064910500
Transform:
  m_ObjectHideFlags: 0
  m_PrefabParentObject: {fileID: 400014, guid: 821a36a3d4e7a48a2bc880cfd9dd993c, type: 2}
  m_PrefabInternal: {fileID: 0}
  m_GameObject: {fileID: 2064910499}
  m_LocalRotation: {x: -.707106829, y: 0, z: -0, w: .707106829}
  m_LocalPosition: {x: -95.1295853, y: 115.38855, z: -159.54361}
  m_LocalScale: {x: 1, y: 1, z: 1}
  m_Children: []
  m_Father: {fileID: 1344536026}
  m_RootOrder: 0
--- !u!64 &2064910501
MeshCollider:
  m_ObjectHideFlags: 0
  m_PrefabParentObject: {fileID: 6400008, guid: 821a36a3d4e7a48a2bc880cfd9dd993c,
    type: 2}
  m_PrefabInternal: {fileID: 0}
  m_GameObject: {fileID: 2064910499}
  m_Material: {fileID: 13400000, guid: 5410a64fad11e8d6d00011d98d76c639, type: 2}
  m_IsTrigger: 0
  m_Enabled: 1
  serializedVersion: 2
  m_Convex: 0
  m_Mesh: {fileID: 4300002, guid: b60ad501690194c7bb050feab29294dc, type: 3}
--- !u!23 &2064910502
MeshRenderer:
  m_ObjectHideFlags: 0
  m_PrefabParentObject: {fileID: 2300008, guid: 821a36a3d4e7a48a2bc880cfd9dd993c,
    type: 2}
  m_PrefabInternal: {fileID: 0}
  m_GameObject: {fileID: 2064910499}
  m_Enabled: 1
  m_CastShadows: 1
  m_ReceiveShadows: 1
  m_Materials:
  - {fileID: 2100000, guid: 5504b3f852abd4a9aba674539e4c876e, type: 2}
  m_SubsetIndices: 
  m_StaticBatchRoot: {fileID: 0}
  m_UseLightProbes: 0
  m_ReflectionProbeUsage: 1
  m_ProbeAnchor: {fileID: 0}
  m_ScaleInLightmap: 1
  m_PreserveUVs: 0
  m_ImportantGI: 0
  m_AutoUVMaxDistance: .5
  m_AutoUVMaxAngle: 89
  m_LightmapParameters: {fileID: 0}
  m_SortingLayerID: 0
  m_SortingOrder: 0
--- !u!33 &2064910503
MeshFilter:
  m_ObjectHideFlags: 0
  m_PrefabParentObject: {fileID: 3300008, guid: 821a36a3d4e7a48a2bc880cfd9dd993c,
    type: 2}
  m_PrefabInternal: {fileID: 0}
  m_GameObject: {fileID: 2064910499}
  m_Mesh: {fileID: 4300002, guid: b60ad501690194c7bb050feab29294dc, type: 3}
--- !u!1 &2129862747
GameObject:
  m_ObjectHideFlags: 0
  m_PrefabParentObject: {fileID: 100024, guid: 821a36a3d4e7a48a2bc880cfd9dd993c, type: 2}
  m_PrefabInternal: {fileID: 0}
  serializedVersion: 4
  m_Component:
  - 4: {fileID: 2129862748}
  m_Layer: 0
  m_Name: CourseD
  m_TagString: Untagged
  m_Icon: {fileID: 0}
  m_NavMeshLayer: 0
  m_StaticEditorFlags: 0
  m_IsActive: 1
--- !u!4 &2129862748
Transform:
  m_ObjectHideFlags: 0
  m_PrefabParentObject: {fileID: 400024, guid: 821a36a3d4e7a48a2bc880cfd9dd993c, type: 2}
  m_PrefabInternal: {fileID: 0}
  m_GameObject: {fileID: 2129862747}
  m_LocalRotation: {x: 0, y: .707106888, z: 0, w: .707106769}
  m_LocalPosition: {x: 12.1865864, y: 6.80000305, z: 28.6435432}
  m_LocalScale: {x: 1, y: 1, z: 1}
  m_Children:
  - {fileID: 1979561902}
  - {fileID: 731685485}
  - {fileID: 728548442}
  - {fileID: 1344536026}
  - {fileID: 992688024}
  - {fileID: 1139180782}
  m_Father: {fileID: 0}
  m_RootOrder: 0
