%YAML 1.1
%TAG !u! tag:unity3d.com,2011:
--- !u!29 &1
SceneSettings:
  m_ObjectHideFlags: 0
  m_PVSData: 
  m_QueryMode: 1
  m_PVSObjectsArray: []
  m_PVSPortalsArray: []
  m_OcclusionBakeSettings:
    viewCellSize: 1
    bakeMode: 2
    memoryUsage: 10485760
--- !u!104 &2
RenderSettings:
  m_Fog: 0
  m_FogColor: {r: 0, g: 0, b: 0, a: 1}
  m_FogMode: 3
  m_FogDensity: .00499999989
  m_LinearFogStart: 0
  m_LinearFogEnd: 300
  m_AmbientLight: {r: 0, g: 0, b: 0, a: 1}
  m_SkyboxMaterial: {fileID: 2100000, guid: a2126534b3a11b34e977105bd9e3cc03, type: 2}
  m_HaloStrength: .5
  m_FlareStrength: 1
  m_HaloTexture: {fileID: 0}
  m_SpotCookie: {fileID: 0}
  m_ObjectHideFlags: 0
--- !u!127 &3
LevelGameManager:
  m_ObjectHideFlags: 0
--- !u!157 &4
LightmapSettings:
  m_ObjectHideFlags: 0
  m_LightProbes: {fileID: 0}
  m_Lightmaps: []
  m_LightmapsMode: 0
  m_BakedColorSpace: 0
  m_UseDualLightmapsInForward: 0
  m_LightmapEditorSettings:
    m_Resolution: 15
    m_LastUsedResolution: 15
    m_TextureWidth: 1024
    m_TextureHeight: 1024
    m_BounceBoost: 1
    m_BounceIntensity: 1
    m_SkyLightColor: {r: .860000014, g: .930000007, b: 1, a: 1}
    m_SkyLightIntensity: .300000012
    m_Quality: 0
    m_Bounces: 4
    m_FinalGatherRays: 1000
    m_FinalGatherContrastThreshold: .0500000007
    m_FinalGatherGradientThreshold: .00300000003
    m_FinalGatherInterpolationPoints: 15
    m_AOAmount: .00700000022
    m_AOMaxDistance: .100000001
    m_AOContrast: 1
    m_LODSurfaceMappingDistance: 1
    m_Padding: 0
    m_TextureCompression: 0
    m_LockAtlas: 0
--- !u!196 &105
NavMeshSettings:
  m_ObjectHideFlags: 0
  m_BuildSettings:
    agentRadius: .5
    agentHeight: 2
    agentSlope: 45
    agentClimb: .400000006
    ledgeDropHeight: 0
    maxJumpAcrossDistance: 0
    accuratePlacement: 0
    minRegionArea: 2
    widthInaccuracy: 16.666666
    heightInaccuracy: 10
  m_NavMesh: {fileID: 0}
--- !u!1001 &53880271
Prefab:
  m_ObjectHideFlags: 0
  serializedVersion: 2
  m_Modification:
    m_TransformParent: {fileID: 1751960821}
    m_Modifications:
    - target: {fileID: 400004, guid: 55275d55d3b904062a94edb227e0037f, type: 2}
      propertyPath: m_LocalPosition.x
      value: 34.3604279
      objectReference: {fileID: 0}
    - target: {fileID: 400004, guid: 55275d55d3b904062a94edb227e0037f, type: 2}
      propertyPath: m_LocalPosition.y
      value: 0
      objectReference: {fileID: 0}
    - target: {fileID: 400004, guid: 55275d55d3b904062a94edb227e0037f, type: 2}
      propertyPath: m_LocalPosition.z
      value: 256
      objectReference: {fileID: 0}
    - target: {fileID: 400004, guid: 55275d55d3b904062a94edb227e0037f, type: 2}
      propertyPath: m_LocalRotation.x
      value: 0
      objectReference: {fileID: 0}
    - target: {fileID: 400004, guid: 55275d55d3b904062a94edb227e0037f, type: 2}
      propertyPath: m_LocalRotation.y
      value: 0
      objectReference: {fileID: 0}
    - target: {fileID: 400004, guid: 55275d55d3b904062a94edb227e0037f, type: 2}
      propertyPath: m_LocalRotation.z
      value: 0
      objectReference: {fileID: 0}
    - target: {fileID: 400004, guid: 55275d55d3b904062a94edb227e0037f, type: 2}
      propertyPath: m_LocalRotation.w
      value: 1
      objectReference: {fileID: 0}
    - target: {fileID: 100004, guid: 55275d55d3b904062a94edb227e0037f, type: 2}
      propertyPath: m_StaticEditorFlags
      value: 4294967295
      objectReference: {fileID: 0}
    - target: {fileID: 100002, guid: 55275d55d3b904062a94edb227e0037f, type: 2}
      propertyPath: m_StaticEditorFlags
      value: 4294967295
      objectReference: {fileID: 0}
    - target: {fileID: 100000, guid: 55275d55d3b904062a94edb227e0037f, type: 2}
      propertyPath: m_StaticEditorFlags
      value: 4294967295
      objectReference: {fileID: 0}
    - target: {fileID: 2300002, guid: 55275d55d3b904062a94edb227e0037f, type: 2}
      propertyPath: m_LightmapIndex
      value: 255
      objectReference: {fileID: 0}
    - target: {fileID: 2300002, guid: 55275d55d3b904062a94edb227e0037f, type: 2}
      propertyPath: m_LightmapTilingOffset.x
      value: 1
      objectReference: {fileID: 0}
    - target: {fileID: 2300002, guid: 55275d55d3b904062a94edb227e0037f, type: 2}
      propertyPath: m_LightmapTilingOffset.y
      value: 1
      objectReference: {fileID: 0}
    - target: {fileID: 2300002, guid: 55275d55d3b904062a94edb227e0037f, type: 2}
      propertyPath: m_LightmapTilingOffset.z
      value: 0
      objectReference: {fileID: 0}
    - target: {fileID: 2300000, guid: 55275d55d3b904062a94edb227e0037f, type: 2}
      propertyPath: m_LightmapIndex
      value: 255
      objectReference: {fileID: 0}
    - target: {fileID: 2300000, guid: 55275d55d3b904062a94edb227e0037f, type: 2}
      propertyPath: m_LightmapTilingOffset.x
      value: 1
      objectReference: {fileID: 0}
    - target: {fileID: 2300000, guid: 55275d55d3b904062a94edb227e0037f, type: 2}
      propertyPath: m_LightmapTilingOffset.y
      value: 1
      objectReference: {fileID: 0}
    - target: {fileID: 2300000, guid: 55275d55d3b904062a94edb227e0037f, type: 2}
      propertyPath: m_LightmapTilingOffset.z
      value: 0
      objectReference: {fileID: 0}
    - target: {fileID: 2300002, guid: 55275d55d3b904062a94edb227e0037f, type: 2}
      propertyPath: m_LightmapTilingOffset.w
      value: 0
      objectReference: {fileID: 0}
    - target: {fileID: 2300000, guid: 55275d55d3b904062a94edb227e0037f, type: 2}
      propertyPath: m_LightmapTilingOffset.w
      value: 0
      objectReference: {fileID: 0}
    m_RemovedComponents: []
  m_ParentPrefab: {fileID: 100100000, guid: 55275d55d3b904062a94edb227e0037f, type: 2}
  m_RootGameObject: {fileID: 835928795}
  m_IsPrefabParent: 0
  m_IsExploded: 1
--- !u!1 &127075583
GameObject:
  m_ObjectHideFlags: 0
  m_PrefabParentObject: {fileID: 100000, guid: f8eb00a394ccb4c6997d3ed3c38c5d44, type: 2}
  m_PrefabInternal: {fileID: 0}
  serializedVersion: 4
  m_Component:
  - 4: {fileID: 127075584}
  m_Layer: 0
  m_Name: Hole
  m_TagString: Untagged
  m_Icon: {fileID: 0}
  m_NavMeshLayer: 0
  m_StaticEditorFlags: 0
  m_IsActive: 1
--- !u!4 &127075584
Transform:
  m_ObjectHideFlags: 0
  m_PrefabParentObject: {fileID: 400000, guid: f8eb00a394ccb4c6997d3ed3c38c5d44, type: 2}
  m_PrefabInternal: {fileID: 0}
  m_GameObject: {fileID: 127075583}
  m_LocalRotation: {x: 0, y: 0, z: 0, w: 1}
  m_LocalPosition: {x: 0, y: 0, z: 0}
  m_LocalScale: {x: 1, y: 1, z: 1}
  m_Children:
  - {fileID: 2023332611}
  - {fileID: 1949166182}
  m_Father: {fileID: 0}
--- !u!1 &171521913
GameObject:
  m_ObjectHideFlags: 0
  m_PrefabParentObject: {fileID: 0}
  m_PrefabInternal: {fileID: 0}
  serializedVersion: 4
  m_Component:
  - 4: {fileID: 171521916}
  - 114: {fileID: 171521915}
  - 154: {fileID: 171521914}
  m_Layer: 0
  m_Name: Terrain
  m_TagString: Untagged
  m_Icon: {fileID: 0}
  m_NavMeshLayer: 0
  m_StaticEditorFlags: 4294967295
  m_IsActive: 1
--- !u!154 &171521914
TerrainCollider:
  m_ObjectHideFlags: 0
  m_PrefabParentObject: {fileID: 0}
  m_PrefabInternal: {fileID: 0}
  m_GameObject: {fileID: 171521913}
  m_Material: {fileID: 0}
  m_IsTrigger: 0
  m_Enabled: 0
  m_TerrainData: {fileID: 15600000, guid: 0399255013bc3d044b7eecd610da8d03, type: 2}
  m_CreateTreeColliders: 1
--- !u!114 &171521915
MonoBehaviour:
  m_ObjectHideFlags: 0
  m_PrefabParentObject: {fileID: 0}
  m_PrefabInternal: {fileID: 0}
  m_GameObject: {fileID: 171521913}
  m_Enabled: 1
  m_EditorHideFlags: 1
  m_Script: {fileID: 12000, guid: 0000000000000000e000000000000000, type: 0}
  m_Name: 
  m_TerrainData: {fileID: 15600000, guid: 0399255013bc3d044b7eecd610da8d03, type: 2}
  m_TreeDistance: 5000
  m_TreeBillboardDistance: 50
  m_TreeCrossFadeLength: 5
  m_TreeMaximumFullLODCount: 50
  m_DetailObjectDistance: 80
  m_DetailObjectDensity: 1
  m_HeightmapPixelError: 5
  m_SplatMapDistance: 1000
  m_HeightmapMaximumLOD: 0
  m_CastShadows: 1
  m_LightmapIndex: -1
  m_LightmapSize: 1024
  m_DrawTreesAndFoliage: 1
  m_MaterialTemplate: {fileID: 0}
--- !u!4 &171521916
Transform:
  m_ObjectHideFlags: 0
  m_PrefabParentObject: {fileID: 0}
  m_PrefabInternal: {fileID: 0}
  m_GameObject: {fileID: 171521913}
  m_LocalRotation: {x: 0, y: 0, z: 0, w: 1}
  m_LocalPosition: {x: -87.167511, y: 0, z: -74.1640167}
  m_LocalScale: {x: 1, y: 1, z: 1}
  m_Children: []
  m_Father: {fileID: 0}
--- !u!1 &177651842
GameObject:
  m_ObjectHideFlags: 0
  m_PrefabParentObject: {fileID: 100016, guid: 821a36a3d4e7a48a2bc880cfd9dd993c, type: 2}
  m_PrefabInternal: {fileID: 0}
  serializedVersion: 4
  m_Component:
  - 4: {fileID: 177651843}
  - 33: {fileID: 177651846}
  - 23: {fileID: 177651845}
  - 64: {fileID: 177651844}
  m_Layer: 8
  m_Name: tile15_walls
  m_TagString: Untagged
  m_Icon: {fileID: 0}
  m_NavMeshLayer: 0
  m_StaticEditorFlags: 4294967295
  m_IsActive: 1
--- !u!4 &177651843
Transform:
  m_ObjectHideFlags: 0
  m_PrefabParentObject: {fileID: 400016, guid: 821a36a3d4e7a48a2bc880cfd9dd993c, type: 2}
  m_PrefabInternal: {fileID: 0}
  m_GameObject: {fileID: 177651842}
  m_LocalRotation: {x: -.707106829, y: 0, z: -0, w: .707106829}
  m_LocalPosition: {x: 0, y: 1, z: -99.236084}
  m_LocalScale: {x: 1, y: 1, z: 1}
  m_Children: []
  m_Father: {fileID: 1787694483}
--- !u!64 &177651844
MeshCollider:
  m_ObjectHideFlags: 0
  m_PrefabParentObject: {fileID: 6400010, guid: 821a36a3d4e7a48a2bc880cfd9dd993c,
    type: 2}
  m_PrefabInternal: {fileID: 0}
  m_GameObject: {fileID: 177651842}
  m_Material: {fileID: 13400000, guid: 99e86ee0ad11f8d6d00011d98d76c639, type: 2}
  m_IsTrigger: 0
  m_Enabled: 1
  serializedVersion: 2
  m_SmoothSphereCollisions: 0
  m_Convex: 0
  m_Mesh: {fileID: 4300000, guid: b60ad501690194c7bb050feab29294dc, type: 3}
--- !u!23 &177651845
Renderer:
  m_ObjectHideFlags: 0
  m_PrefabParentObject: {fileID: 2300010, guid: 821a36a3d4e7a48a2bc880cfd9dd993c,
    type: 2}
  m_PrefabInternal: {fileID: 0}
  m_GameObject: {fileID: 177651842}
  m_Enabled: 1
  m_CastShadows: 1
  m_ReceiveShadows: 1
  m_LightmapIndex: 255
  m_LightmapTilingOffset: {x: 1, y: 1, z: 0, w: 0}
  m_Materials:
  - {fileID: 2100000, guid: cf02aba9bfd84444d8107e5f91af0621, type: 2}
  - {fileID: 2100000, guid: 64aaaeb38d9a54fcd81e503183cfb074, type: 2}
  m_SubsetIndices: 
  m_StaticBatchRoot: {fileID: 0}
  m_UseLightProbes: 0
  m_LightProbeAnchor: {fileID: 0}
  m_ScaleInLightmap: 1
--- !u!33 &177651846
MeshFilter:
  m_ObjectHideFlags: 0
  m_PrefabParentObject: {fileID: 3300010, guid: 821a36a3d4e7a48a2bc880cfd9dd993c,
    type: 2}
  m_PrefabInternal: {fileID: 0}
  m_GameObject: {fileID: 177651842}
  m_Mesh: {fileID: 4300000, guid: b60ad501690194c7bb050feab29294dc, type: 3}
--- !u!1 &239623616
GameObject:
  m_ObjectHideFlags: 0
  m_PrefabParentObject: {fileID: 100004, guid: 4dbc25e9a47ce4526942367cd99d2acc, type: 2}
  m_PrefabInternal: {fileID: 1167701410}
  serializedVersion: 4
  m_Component:
  - 4: {fileID: 239623617}
  - 95: {fileID: 239623618}
  m_Layer: 0
  m_Name: tile04
  m_TagString: Untagged
  m_Icon: {fileID: 0}
  m_NavMeshLayer: 0
  m_StaticEditorFlags: 4294967295
  m_IsActive: 1
--- !u!4 &239623617
Transform:
  m_ObjectHideFlags: 0
  m_PrefabParentObject: {fileID: 400004, guid: 4dbc25e9a47ce4526942367cd99d2acc, type: 2}
  m_PrefabInternal: {fileID: 1167701410}
  m_GameObject: {fileID: 239623616}
  m_LocalRotation: {x: 0, y: 0, z: 0, w: 1}
  m_LocalPosition: {x: -11.4051819, y: -56, z: 128}
  m_LocalScale: {x: 1, y: 1, z: 1}
  m_Children:
  - {fileID: 2016165078}
  - {fileID: 629174595}
  - {fileID: 1596245603}
  m_Father: {fileID: 1751960821}
--- !u!95 &239623618
Animator:
  m_ObjectHideFlags: 0
  m_PrefabParentObject: {fileID: 9500000, guid: 4dbc25e9a47ce4526942367cd99d2acc,
    type: 2}
  m_PrefabInternal: {fileID: 1167701410}
  m_GameObject: {fileID: 239623616}
  m_Enabled: 1
  m_Avatar: {fileID: 9000000, guid: 642ec847cf7074ffd9840f54d8bc782a, type: 3}
  m_Controller: {fileID: 0}
  m_CullingMode: 1
  m_ApplyRootMotion: 1
  m_AnimatePhysics: 0
--- !u!1 &243591119
GameObject:
  m_ObjectHideFlags: 0
  m_PrefabParentObject: {fileID: 100034, guid: 821a36a3d4e7a48a2bc880cfd9dd993c, type: 2}
  m_PrefabInternal: {fileID: 0}
  serializedVersion: 4
  m_Component:
  - 4: {fileID: 243591120}
  - 95: {fileID: 243591121}
  m_Layer: 0
  m_Name: tile23
  m_TagString: Untagged
  m_Icon: {fileID: 0}
  m_NavMeshLayer: 0
  m_StaticEditorFlags: 4294967295
  m_IsActive: 1
--- !u!4 &243591120
Transform:
  m_ObjectHideFlags: 0
  m_PrefabParentObject: {fileID: 400034, guid: 821a36a3d4e7a48a2bc880cfd9dd993c, type: 2}
  m_PrefabInternal: {fileID: 0}
  m_GameObject: {fileID: 243591119}
  m_LocalRotation: {x: 0, y: -.707106888, z: 0, w: .707106769}
  m_LocalPosition: {x: -22.5564613, y: -6.80000257, z: -12.1865845}
  m_LocalScale: {x: .100000016, y: .100000001, z: .100000016}
  m_Children:
  - {fileID: 1156050884}
  - {fileID: 1589670345}
  m_Father: {fileID: 866432314}
--- !u!95 &243591121
Animator:
  m_ObjectHideFlags: 0
  m_PrefabParentObject: {fileID: 9500008, guid: 821a36a3d4e7a48a2bc880cfd9dd993c,
    type: 2}
  m_PrefabInternal: {fileID: 0}
  m_GameObject: {fileID: 243591119}
  m_Enabled: 1
  m_Avatar: {fileID: 9000000, guid: 911ef39b0aa22479f8895d3daa83ca1f, type: 3}
  m_Controller: {fileID: 0}
  m_CullingMode: 1
  m_ApplyRootMotion: 1
  m_AnimatePhysics: 0
--- !u!1 &253858837
GameObject:
  m_ObjectHideFlags: 0
  m_PrefabParentObject: {fileID: 100008, guid: f8eb00a394ccb4c6997d3ed3c38c5d44, type: 2}
  m_PrefabInternal: {fileID: 0}
  serializedVersion: 4
  m_Component:
  - 4: {fileID: 253858838}
  - 131: {fileID: 253858839}
  - 114: {fileID: 253858841}
  - 114: {fileID: 253858840}
  m_Layer: 11
  m_Name: Joystick
  m_TagString: Untagged
  m_Icon: {fileID: 0}
  m_NavMeshLayer: 0
  m_StaticEditorFlags: 0
  m_IsActive: 1
--- !u!4 &253858838
Transform:
  m_ObjectHideFlags: 0
  m_PrefabParentObject: {fileID: 400008, guid: f8eb00a394ccb4c6997d3ed3c38c5d44, type: 2}
  m_PrefabInternal: {fileID: 0}
  m_GameObject: {fileID: 253858837}
  m_LocalRotation: {x: 0, y: 0, z: 0, w: 1}
  m_LocalPosition: {x: .850000024, y: .150000006, z: 0}
  m_LocalScale: {x: .200000003, y: .200000003, z: 1}
  m_Children: []
  m_Father: {fileID: 340011351}
--- !u!131 &253858839
GUITexture:
  m_ObjectHideFlags: 0
  m_PrefabParentObject: {fileID: 13100000, guid: f8eb00a394ccb4c6997d3ed3c38c5d44,
    type: 2}
  m_PrefabInternal: {fileID: 0}
  m_GameObject: {fileID: 253858837}
  m_Enabled: 1
  m_Texture: {fileID: 2800000, guid: ae3d7049cbf2a421e8240105070db2b3, type: 3}
  m_Color: {r: .5, g: .5, b: .5, a: .5}
  m_PixelInset:
    serializedVersion: 2
    x: 0
    y: 0
    width: 0
    height: 0
  m_LeftBorder: 0
  m_RightBorder: 0
  m_TopBorder: 0
  m_BottomBorder: 0
--- !u!114 &253858840
MonoBehaviour:
  m_ObjectHideFlags: 0
  m_PrefabParentObject: {fileID: 11400004, guid: f8eb00a394ccb4c6997d3ed3c38c5d44,
    type: 2}
  m_PrefabInternal: {fileID: 0}
  m_GameObject: {fileID: 253858837}
  m_Enabled: 1
  m_EditorHideFlags: 0
  m_Script: {fileID: 11500000, guid: 03a0edf072323491db5a789c595937c3, type: 3}
  m_Name: 
--- !u!114 &253858841
MonoBehaviour:
  m_ObjectHideFlags: 0
  m_PrefabParentObject: {fileID: 11400006, guid: f8eb00a394ccb4c6997d3ed3c38c5d44,
    type: 2}
  m_PrefabInternal: {fileID: 0}
  m_GameObject: {fileID: 253858837}
  m_Enabled: 1
  m_EditorHideFlags: 0
  m_Script: {fileID: 11500000, guid: 2f695f0a603fa4011abd34cd8f9152ee, type: 3}
  m_Name: 
  touchPad: 1
  touchZone:
    serializedVersion: 2
    x: 0
    y: 0
    width: 0
    height: 0
  deadZone: {x: 0, y: 0}
  normalize: 0
  position: {x: 0, y: 0}
  tapCount: 0
--- !u!1 &340011350
GameObject:
  m_ObjectHideFlags: 0
  m_PrefabParentObject: {fileID: 100016, guid: f8eb00a394ccb4c6997d3ed3c38c5d44, type: 2}
  m_PrefabInternal: {fileID: 0}
  serializedVersion: 4
  m_Component:
  - 4: {fileID: 340011351}
  - 20: {fileID: 340011352}
  - 92: {fileID: 340011353}
  m_Layer: 0
  m_Name: GUICamera
  m_TagString: Untagged
  m_Icon: {fileID: 0}
  m_NavMeshLayer: 0
  m_StaticEditorFlags: 0
  m_IsActive: 1
--- !u!4 &340011351
Transform:
  m_ObjectHideFlags: 0
  m_PrefabParentObject: {fileID: 400016, guid: f8eb00a394ccb4c6997d3ed3c38c5d44, type: 2}
  m_PrefabInternal: {fileID: 0}
  m_GameObject: {fileID: 340011350}
  m_LocalRotation: {x: 0, y: 0, z: 0, w: 1}
  m_LocalPosition: {x: 0, y: 0, z: 0}
  m_LocalScale: {x: 1, y: 1, z: 1}
  m_Children:
  - {fileID: 253858838}
  m_Father: {fileID: 1949166182}
--- !u!20 &340011352
Camera:
  m_ObjectHideFlags: 0
  m_PrefabParentObject: {fileID: 2000000, guid: f8eb00a394ccb4c6997d3ed3c38c5d44,
    type: 2}
  m_PrefabInternal: {fileID: 0}
  m_GameObject: {fileID: 340011350}
  m_Enabled: 1
  serializedVersion: 2
  m_ClearFlags: 3
  m_BackGroundColor: {r: 1, g: 1, b: .474509805, a: .0196078438}
  m_NormalizedViewPortRect:
    serializedVersion: 2
    x: 0
    y: 0
    width: 1
    height: 1
  near clip plane: .300000012
  far clip plane: 1000
  field of view: 65
  orthographic: 1
  orthographic size: 100
  m_Depth: 2
  m_CullingMask:
    serializedVersion: 2
    m_Bits: 2048
  m_RenderingPath: -1
  m_TargetTexture: {fileID: 0}
  m_HDR: 0
--- !u!92 &340011353
Behaviour:
  m_ObjectHideFlags: 0
  m_PrefabParentObject: {fileID: 9200000, guid: f8eb00a394ccb4c6997d3ed3c38c5d44,
    type: 2}
  m_PrefabInternal: {fileID: 0}
  m_GameObject: {fileID: 340011350}
  m_Enabled: 1
--- !u!1 &439845679
GameObject:
  m_ObjectHideFlags: 0
  m_PrefabParentObject: {fileID: 100028, guid: 821a36a3d4e7a48a2bc880cfd9dd993c, type: 2}
  m_PrefabInternal: {fileID: 0}
  serializedVersion: 4
  m_Component:
  - 4: {fileID: 439845680}
  m_Layer: 9
  m_Name: TrailNode
  m_TagString: Untagged
  m_Icon: {fileID: 0}
  m_NavMeshLayer: 0
  m_StaticEditorFlags: 0
  m_IsActive: 1
--- !u!4 &439845680
Transform:
  m_ObjectHideFlags: 0
  m_PrefabParentObject: {fileID: 400028, guid: 821a36a3d4e7a48a2bc880cfd9dd993c, type: 2}
  m_PrefabInternal: {fileID: 0}
  m_GameObject: {fileID: 439845679}
  m_LocalRotation: {x: 0, y: 1, z: 0, w: -1.62920685e-07}
  m_LocalPosition: {x: 0, y: 0, z: 0}
  m_LocalScale: {x: 10, y: 10, z: 10}
  m_Children:
  - {fileID: 1459994154}
  m_Father: {fileID: 1552521291}
--- !u!1 &447336258
GameObject:
  m_ObjectHideFlags: 0
  m_PrefabParentObject: {fileID: 100010, guid: 821a36a3d4e7a48a2bc880cfd9dd993c, type: 2}
  m_PrefabInternal: {fileID: 0}
  serializedVersion: 4
  m_Component:
  - 4: {fileID: 447336259}
  - 33: {fileID: 447336262}
  - 23: {fileID: 447336261}
  - 64: {fileID: 447336260}
  m_Layer: 8
  m_Name: tile15_walls
  m_TagString: Untagged
  m_Icon: {fileID: 0}
  m_NavMeshLayer: 0
  m_StaticEditorFlags: 4294967295
  m_IsActive: 1
--- !u!4 &447336259
Transform:
  m_ObjectHideFlags: 0
  m_PrefabParentObject: {fileID: 400010, guid: 821a36a3d4e7a48a2bc880cfd9dd993c, type: 2}
  m_PrefabInternal: {fileID: 0}
  m_GameObject: {fileID: 447336258}
  m_LocalRotation: {x: -.707106829, y: 0, z: -0, w: .707106829}
  m_LocalPosition: {x: 0, y: 1, z: -99.236084}
  m_LocalScale: {x: 1, y: 1, z: 1}
  m_Children: []
  m_Father: {fileID: 468682018}
--- !u!64 &447336260
MeshCollider:
  m_ObjectHideFlags: 0
  m_PrefabParentObject: {fileID: 6400006, guid: 821a36a3d4e7a48a2bc880cfd9dd993c,
    type: 2}
  m_PrefabInternal: {fileID: 0}
  m_GameObject: {fileID: 447336258}
  m_Material: {fileID: 13400000, guid: 99e86ee0ad11f8d6d00011d98d76c639, type: 2}
  m_IsTrigger: 0
  m_Enabled: 1
  serializedVersion: 2
  m_SmoothSphereCollisions: 0
  m_Convex: 0
  m_Mesh: {fileID: 4300000, guid: b60ad501690194c7bb050feab29294dc, type: 3}
--- !u!23 &447336261
Renderer:
  m_ObjectHideFlags: 0
  m_PrefabParentObject: {fileID: 2300006, guid: 821a36a3d4e7a48a2bc880cfd9dd993c,
    type: 2}
  m_PrefabInternal: {fileID: 0}
  m_GameObject: {fileID: 447336258}
  m_Enabled: 1
  m_CastShadows: 1
  m_ReceiveShadows: 1
  m_LightmapIndex: 255
  m_LightmapTilingOffset: {x: 1, y: 1, z: 0, w: 0}
  m_Materials:
  - {fileID: 2100000, guid: cf02aba9bfd84444d8107e5f91af0621, type: 2}
  - {fileID: 2100000, guid: 64aaaeb38d9a54fcd81e503183cfb074, type: 2}
  m_SubsetIndices: 
  m_StaticBatchRoot: {fileID: 0}
  m_UseLightProbes: 0
  m_LightProbeAnchor: {fileID: 0}
  m_ScaleInLightmap: 1
--- !u!33 &447336262
MeshFilter:
  m_ObjectHideFlags: 0
  m_PrefabParentObject: {fileID: 3300006, guid: 821a36a3d4e7a48a2bc880cfd9dd993c,
    type: 2}
  m_PrefabInternal: {fileID: 0}
  m_GameObject: {fileID: 447336258}
  m_Mesh: {fileID: 4300000, guid: b60ad501690194c7bb050feab29294dc, type: 3}
--- !u!1 &468682017
GameObject:
  m_ObjectHideFlags: 0
  m_PrefabParentObject: {fileID: 100006, guid: 821a36a3d4e7a48a2bc880cfd9dd993c, type: 2}
  m_PrefabInternal: {fileID: 0}
  serializedVersion: 4
  m_Component:
  - 4: {fileID: 468682018}
  - 95: {fileID: 468682019}
  m_Layer: 0
  m_Name: tile15
  m_TagString: Untagged
  m_Icon: {fileID: 0}
  m_NavMeshLayer: 0
  m_StaticEditorFlags: 4294967295
  m_IsActive: 1
--- !u!4 &468682018
Transform:
  m_ObjectHideFlags: 0
  m_PrefabParentObject: {fileID: 400006, guid: 821a36a3d4e7a48a2bc880cfd9dd993c, type: 2}
  m_PrefabInternal: {fileID: 0}
  m_GameObject: {fileID: 468682017}
  m_LocalRotation: {x: 0, y: 1, z: 0, w: -1.62920685e-07}
  m_LocalPosition: {x: -12.6328526, y: -1.20000219, z: -9.31019497}
  m_LocalScale: {x: .100000031, y: .100000001, z: .100000031}
  m_Children:
  - {fileID: 1978044465}
  - {fileID: 447336259}
  m_Father: {fileID: 866432314}
--- !u!95 &468682019
Animator:
  m_ObjectHideFlags: 0
  m_PrefabParentObject: {fileID: 9500002, guid: 821a36a3d4e7a48a2bc880cfd9dd993c,
    type: 2}
  m_PrefabInternal: {fileID: 0}
  m_GameObject: {fileID: 468682017}
  m_Enabled: 1
  m_Avatar: {fileID: 9000000, guid: b60ad501690194c7bb050feab29294dc, type: 3}
  m_Controller: {fileID: 0}
  m_CullingMode: 1
  m_ApplyRootMotion: 1
  m_AnimatePhysics: 0
--- !u!1 &629174594
GameObject:
  m_ObjectHideFlags: 0
  m_PrefabParentObject: {fileID: 100000, guid: 4dbc25e9a47ce4526942367cd99d2acc, type: 2}
  m_PrefabInternal: {fileID: 1167701410}
  serializedVersion: 4
  m_Component:
  - 4: {fileID: 629174595}
  - 33: {fileID: 629174598}
  - 23: {fileID: 629174597}
  - 64: {fileID: 629174596}
  m_Layer: 8
  m_Name: tile04_walls
  m_TagString: Untagged
  m_Icon: {fileID: 0}
  m_NavMeshLayer: 0
  m_StaticEditorFlags: 4294967295
  m_IsActive: 1
--- !u!4 &629174595
Transform:
  m_ObjectHideFlags: 0
  m_PrefabParentObject: {fileID: 400000, guid: 4dbc25e9a47ce4526942367cd99d2acc, type: 2}
  m_PrefabInternal: {fileID: 1167701410}
  m_GameObject: {fileID: 629174594}
  m_LocalRotation: {x: -.707106829, y: 0, z: -0, w: .707106829}
  m_LocalPosition: {x: 0, y: 1, z: -99.236084}
  m_LocalScale: {x: 1, y: 1, z: 1}
  m_Children: []
  m_Father: {fileID: 239623617}
--- !u!64 &629174596
MeshCollider:
  m_ObjectHideFlags: 0
  m_PrefabParentObject: {fileID: 6400000, guid: 4dbc25e9a47ce4526942367cd99d2acc,
    type: 2}
  m_PrefabInternal: {fileID: 1167701410}
  m_GameObject: {fileID: 629174594}
  m_Material: {fileID: 13400000, guid: 99e86ee0ad11f8d6d00011d98d76c639, type: 2}
  m_IsTrigger: 0
  m_Enabled: 1
  serializedVersion: 2
  m_SmoothSphereCollisions: 0
  m_Convex: 0
  m_Mesh: {fileID: 4300000, guid: 642ec847cf7074ffd9840f54d8bc782a, type: 3}
--- !u!23 &629174597
Renderer:
  m_ObjectHideFlags: 0
  m_PrefabParentObject: {fileID: 2300000, guid: 4dbc25e9a47ce4526942367cd99d2acc,
    type: 2}
  m_PrefabInternal: {fileID: 1167701410}
  m_GameObject: {fileID: 629174594}
  m_Enabled: 1
  m_CastShadows: 1
  m_ReceiveShadows: 1
  m_LightmapIndex: 255
  m_LightmapTilingOffset: {x: 1, y: 1, z: 0, w: 0}
  m_Materials:
  - {fileID: 2100000, guid: cf02aba9bfd84444d8107e5f91af0621, type: 2}
  - {fileID: 2100000, guid: 64aaaeb38d9a54fcd81e503183cfb074, type: 2}
  m_SubsetIndices: 
  m_StaticBatchRoot: {fileID: 0}
  m_UseLightProbes: 0
  m_LightProbeAnchor: {fileID: 0}
  m_ScaleInLightmap: 1
--- !u!33 &629174598
MeshFilter:
  m_ObjectHideFlags: 0
  m_PrefabParentObject: {fileID: 3300000, guid: 4dbc25e9a47ce4526942367cd99d2acc,
    type: 2}
  m_PrefabInternal: {fileID: 1167701410}
  m_GameObject: {fileID: 629174594}
  m_Mesh: {fileID: 4300000, guid: 642ec847cf7074ffd9840f54d8bc782a, type: 3}
--- !u!1 &835928795
GameObject:
  m_ObjectHideFlags: 0
  m_PrefabParentObject: {fileID: 100004, guid: 55275d55d3b904062a94edb227e0037f, type: 2}
  m_PrefabInternal: {fileID: 53880271}
  serializedVersion: 4
  m_Component:
  - 4: {fileID: 835928797}
  - 95: {fileID: 835928796}
  m_Layer: 0
  m_Name: tile10
  m_TagString: Untagged
  m_Icon: {fileID: 0}
  m_NavMeshLayer: 0
  m_StaticEditorFlags: 4294967295
  m_IsActive: 1
--- !u!95 &835928796
Animator:
  m_ObjectHideFlags: 0
  m_PrefabParentObject: {fileID: 9500000, guid: 55275d55d3b904062a94edb227e0037f,
    type: 2}
  m_PrefabInternal: {fileID: 53880271}
  m_GameObject: {fileID: 835928795}
  m_Enabled: 1
  m_Avatar: {fileID: 9000000, guid: 52bd6ed38de9947388a8b569567f876b, type: 3}
  m_Controller: {fileID: 0}
  m_CullingMode: 1
  m_ApplyRootMotion: 1
  m_AnimatePhysics: 0
--- !u!4 &835928797
Transform:
  m_ObjectHideFlags: 0
  m_PrefabParentObject: {fileID: 400004, guid: 55275d55d3b904062a94edb227e0037f, type: 2}
  m_PrefabInternal: {fileID: 53880271}
  m_GameObject: {fileID: 835928795}
  m_LocalRotation: {x: 0, y: 0, z: 0, w: 1}
  m_LocalPosition: {x: 34.3604279, y: 0, z: 256}
  m_LocalScale: {x: 1, y: 1, z: 1}
  m_Children:
  - {fileID: 1936023417}
  - {fileID: 855270351}
  m_Father: {fileID: 1751960821}
--- !u!1 &855270350
GameObject:
  m_ObjectHideFlags: 0
  m_PrefabParentObject: {fileID: 100000, guid: 55275d55d3b904062a94edb227e0037f, type: 2}
  m_PrefabInternal: {fileID: 53880271}
  serializedVersion: 4
  m_Component:
  - 4: {fileID: 855270351}
  - 33: {fileID: 855270354}
  - 23: {fileID: 855270353}
  - 64: {fileID: 855270352}
  m_Layer: 8
  m_Name: tile10_walls
  m_TagString: Untagged
  m_Icon: {fileID: 0}
  m_NavMeshLayer: 0
  m_StaticEditorFlags: 4294967295
  m_IsActive: 1
--- !u!4 &855270351
Transform:
  m_ObjectHideFlags: 0
  m_PrefabParentObject: {fileID: 400000, guid: 55275d55d3b904062a94edb227e0037f, type: 2}
  m_PrefabInternal: {fileID: 53880271}
  m_GameObject: {fileID: 855270350}
  m_LocalRotation: {x: -.707106829, y: 0, z: -0, w: .707106829}
  m_LocalPosition: {x: 0, y: 1, z: -99.236084}
  m_LocalScale: {x: 1, y: 1, z: 1}
  m_Children: []
  m_Father: {fileID: 835928797}
--- !u!64 &855270352
MeshCollider:
  m_ObjectHideFlags: 0
  m_PrefabParentObject: {fileID: 6400000, guid: 55275d55d3b904062a94edb227e0037f,
    type: 2}
  m_PrefabInternal: {fileID: 53880271}
  m_GameObject: {fileID: 855270350}
  m_Material: {fileID: 13400000, guid: 99e86ee0ad11f8d6d00011d98d76c639, type: 2}
  m_IsTrigger: 0
  m_Enabled: 1
  serializedVersion: 2
  m_SmoothSphereCollisions: 0
  m_Convex: 0
  m_Mesh: {fileID: 4300000, guid: 52bd6ed38de9947388a8b569567f876b, type: 3}
--- !u!23 &855270353
Renderer:
  m_ObjectHideFlags: 0
  m_PrefabParentObject: {fileID: 2300000, guid: 55275d55d3b904062a94edb227e0037f,
    type: 2}
  m_PrefabInternal: {fileID: 53880271}
  m_GameObject: {fileID: 855270350}
  m_Enabled: 1
  m_CastShadows: 1
  m_ReceiveShadows: 1
  m_LightmapIndex: 255
  m_LightmapTilingOffset: {x: 1, y: 1, z: 0, w: 0}
  m_Materials:
  - {fileID: 2100000, guid: cf02aba9bfd84444d8107e5f91af0621, type: 2}
  - {fileID: 2100000, guid: 64aaaeb38d9a54fcd81e503183cfb074, type: 2}
  m_SubsetIndices: 
  m_StaticBatchRoot: {fileID: 0}
  m_UseLightProbes: 0
  m_LightProbeAnchor: {fileID: 0}
  m_ScaleInLightmap: 1
--- !u!33 &855270354
MeshFilter:
  m_ObjectHideFlags: 0
  m_PrefabParentObject: {fileID: 3300000, guid: 55275d55d3b904062a94edb227e0037f,
    type: 2}
  m_PrefabInternal: {fileID: 53880271}
  m_GameObject: {fileID: 855270350}
  m_Mesh: {fileID: 4300000, guid: 52bd6ed38de9947388a8b569567f876b, type: 3}
--- !u!1 &866432313
GameObject:
  m_ObjectHideFlags: 0
  m_PrefabParentObject: {fileID: 100024, guid: 821a36a3d4e7a48a2bc880cfd9dd993c, type: 2}
  m_PrefabInternal: {fileID: 0}
  serializedVersion: 4
  m_Component:
  - 4: {fileID: 866432314}
  m_Layer: 0
  m_Name: CourseD
  m_TagString: Untagged
  m_Icon: {fileID: 0}
  m_NavMeshLayer: 0
  m_StaticEditorFlags: 0
  m_IsActive: 1
--- !u!4 &866432314
Transform:
  m_ObjectHideFlags: 0
  m_PrefabParentObject: {fileID: 400024, guid: 821a36a3d4e7a48a2bc880cfd9dd993c, type: 2}
  m_PrefabInternal: {fileID: 0}
  m_GameObject: {fileID: 866432313}
  m_LocalRotation: {x: 0, y: .707106888, z: 0, w: .707106769}
  m_LocalPosition: {x: 20.1209373, y: 6.80000305, z: 28.6435413}
  m_LocalScale: {x: 1, y: 1, z: 1}
  m_Children:
  - {fileID: 1552521291}
  - {fileID: 1912788078}
  - {fileID: 468682018}
  - {fileID: 1787694483}
  - {fileID: 2026422213}
  - {fileID: 243591120}
  m_Father: {fileID: 0}
--- !u!1 &960317025
GameObject:
  m_ObjectHideFlags: 0
  m_PrefabParentObject: {fileID: 100002, guid: e3f9169ad875c400aaa286dd9ceb48d4, type: 2}
  m_PrefabInternal: {fileID: 1352870523}
  serializedVersion: 4
  m_Component:
  - 4: {fileID: 960317031}
  - 33: {fileID: 960317030}
  - 23: {fileID: 960317029}
  - 64: {fileID: 960317028}
  - 114: {fileID: 960317026}
  - 65: {fileID: 960317027}
  m_Layer: 10
  m_Name: tile01_hole
  m_TagString: Untagged
  m_Icon: {fileID: 0}
  m_NavMeshLayer: 0
  m_StaticEditorFlags: 4294967295
  m_IsActive: 1
--- !u!114 &960317026
MonoBehaviour:
  m_ObjectHideFlags: 0
  m_PrefabParentObject: {fileID: 11400000, guid: e3f9169ad875c400aaa286dd9ceb48d4,
    type: 2}
  m_PrefabInternal: {fileID: 1352870523}
  m_GameObject: {fileID: 960317025}
  m_Enabled: 1
  m_EditorHideFlags: 0
  m_Script: {fileID: 11500000, guid: fc64e0e5bbdf97c43bfa5d5fd45abd33, type: 3}
  m_Name: 
--- !u!65 &960317027
BoxCollider:
  m_ObjectHideFlags: 0
  m_PrefabParentObject: {fileID: 6500000, guid: e3f9169ad875c400aaa286dd9ceb48d4,
    type: 2}
  m_PrefabInternal: {fileID: 1352870523}
  m_GameObject: {fileID: 960317025}
  m_Material: {fileID: 0}
  m_IsTrigger: 1
  m_Enabled: 1
  serializedVersion: 2
  m_Size: {x: 16, y: 19.9573994, z: 18.5349579}
  m_Center: {x: -.0320703983, y: 16.5646324, z: 53}
--- !u!64 &960317028
MeshCollider:
  m_ObjectHideFlags: 0
  m_PrefabParentObject: {fileID: 6400002, guid: e3f9169ad875c400aaa286dd9ceb48d4,
    type: 2}
  m_PrefabInternal: {fileID: 1352870523}
  m_GameObject: {fileID: 960317025}
  m_Material: {fileID: 13400000, guid: 67db31eead11e8d6d00011d98d76c639, type: 2}
  m_IsTrigger: 0
  m_Enabled: 1
  serializedVersion: 2
  m_SmoothSphereCollisions: 0
  m_Convex: 0
  m_Mesh: {fileID: 4300004, guid: c303909d08a2c47b2b801b0d5474014a, type: 3}
--- !u!23 &960317029
Renderer:
  m_ObjectHideFlags: 0
  m_PrefabParentObject: {fileID: 2300002, guid: e3f9169ad875c400aaa286dd9ceb48d4,
    type: 2}
  m_PrefabInternal: {fileID: 1352870523}
  m_GameObject: {fileID: 960317025}
  m_Enabled: 1
  m_CastShadows: 1
  m_ReceiveShadows: 1
  m_LightmapIndex: 255
  m_LightmapTilingOffset: {x: 1, y: 1, z: 0, w: 0}
  m_Materials:
  - {fileID: 2100000, guid: 5504b3f852abd4a9aba674539e4c876e, type: 2}
  m_SubsetIndices: 
  m_StaticBatchRoot: {fileID: 0}
  m_UseLightProbes: 0
  m_LightProbeAnchor: {fileID: 0}
  m_ScaleInLightmap: 1
--- !u!33 &960317030
MeshFilter:
  m_ObjectHideFlags: 0
  m_PrefabParentObject: {fileID: 3300002, guid: e3f9169ad875c400aaa286dd9ceb48d4,
    type: 2}
  m_PrefabInternal: {fileID: 1352870523}
  m_GameObject: {fileID: 960317025}
  m_Mesh: {fileID: 4300004, guid: c303909d08a2c47b2b801b0d5474014a, type: 3}
--- !u!4 &960317031
Transform:
  m_ObjectHideFlags: 0
  m_PrefabParentObject: {fileID: 400002, guid: e3f9169ad875c400aaa286dd9ceb48d4, type: 2}
  m_PrefabInternal: {fileID: 1352870523}
  m_GameObject: {fileID: 960317025}
  m_LocalRotation: {x: -.707106829, y: 0, z: -0, w: .707106829}
  m_LocalPosition: {x: 0, y: 1, z: -99.236084}
  m_LocalScale: {x: 1, y: 1, z: 1}
  m_Children:
  - {fileID: 2009720400}
  m_Father: {fileID: 1486943981}
--- !u!1 &1156050880
GameObject:
  m_ObjectHideFlags: 0
  m_PrefabParentObject: {fileID: 100036, guid: 821a36a3d4e7a48a2bc880cfd9dd993c, type: 2}
  m_PrefabInternal: {fileID: 0}
  serializedVersion: 4
  m_Component:
  - 4: {fileID: 1156050884}
  - 33: {fileID: 1156050883}
  - 23: {fileID: 1156050882}
  - 64: {fileID: 1156050881}
  m_Layer: 0
  m_Name: tile23_floor
  m_TagString: Untagged
  m_Icon: {fileID: 0}
  m_NavMeshLayer: 0
  m_StaticEditorFlags: 4294967295
  m_IsActive: 1
--- !u!64 &1156050881
MeshCollider:
  m_ObjectHideFlags: 0
  m_PrefabParentObject: {fileID: 6400018, guid: 821a36a3d4e7a48a2bc880cfd9dd993c,
    type: 2}
  m_PrefabInternal: {fileID: 0}
  m_GameObject: {fileID: 1156050880}
  m_Material: {fileID: 13400000, guid: 5410a64fad11e8d6d00011d98d76c639, type: 2}
  m_IsTrigger: 0
  m_Enabled: 1
  serializedVersion: 2
  m_SmoothSphereCollisions: 0
  m_Convex: 0
  m_Mesh: {fileID: 4300002, guid: 911ef39b0aa22479f8895d3daa83ca1f, type: 3}
--- !u!23 &1156050882
Renderer:
  m_ObjectHideFlags: 0
  m_PrefabParentObject: {fileID: 2300022, guid: 821a36a3d4e7a48a2bc880cfd9dd993c,
    type: 2}
  m_PrefabInternal: {fileID: 0}
  m_GameObject: {fileID: 1156050880}
  m_Enabled: 1
  m_CastShadows: 1
  m_ReceiveShadows: 1
  m_LightmapIndex: 255
  m_LightmapTilingOffset: {x: 1, y: 1, z: 0, w: 0}
  m_Materials:
  - {fileID: 2100000, guid: 2948463c79a4940d6b65346e5b534c68, type: 2}
  m_SubsetIndices: 
  m_StaticBatchRoot: {fileID: 0}
  m_UseLightProbes: 0
  m_LightProbeAnchor: {fileID: 0}
  m_ScaleInLightmap: 1
--- !u!33 &1156050883
MeshFilter:
  m_ObjectHideFlags: 0
  m_PrefabParentObject: {fileID: 3300022, guid: 821a36a3d4e7a48a2bc880cfd9dd993c,
    type: 2}
  m_PrefabInternal: {fileID: 0}
  m_GameObject: {fileID: 1156050880}
  m_Mesh: {fileID: 4300002, guid: 911ef39b0aa22479f8895d3daa83ca1f, type: 3}
--- !u!4 &1156050884
Transform:
  m_ObjectHideFlags: 0
  m_PrefabParentObject: {fileID: 400036, guid: 821a36a3d4e7a48a2bc880cfd9dd993c, type: 2}
  m_PrefabInternal: {fileID: 0}
  m_GameObject: {fileID: 1156050880}
  m_LocalRotation: {x: -.707106829, y: 0, z: -0, w: .707106829}
  m_LocalPosition: {x: 0, y: 1, z: -99.236084}
  m_LocalScale: {x: 1, y: 1, z: 1}
  m_Children: []
  m_Father: {fileID: 243591120}
--- !u!1001 &1167701410
Prefab:
  m_ObjectHideFlags: 0
  serializedVersion: 2
  m_Modification:
    m_TransformParent: {fileID: 1751960821}
    m_Modifications:
    - target: {fileID: 400004, guid: 4dbc25e9a47ce4526942367cd99d2acc, type: 2}
      propertyPath: m_LocalPosition.x
      value: -11.4051819
      objectReference: {fileID: 0}
    - target: {fileID: 400004, guid: 4dbc25e9a47ce4526942367cd99d2acc, type: 2}
      propertyPath: m_LocalPosition.y
      value: -56
      objectReference: {fileID: 0}
    - target: {fileID: 400004, guid: 4dbc25e9a47ce4526942367cd99d2acc, type: 2}
      propertyPath: m_LocalPosition.z
      value: 128
      objectReference: {fileID: 0}
    - target: {fileID: 400004, guid: 4dbc25e9a47ce4526942367cd99d2acc, type: 2}
      propertyPath: m_LocalRotation.x
      value: 0
      objectReference: {fileID: 0}
    - target: {fileID: 400004, guid: 4dbc25e9a47ce4526942367cd99d2acc, type: 2}
      propertyPath: m_LocalRotation.y
      value: 0
      objectReference: {fileID: 0}
    - target: {fileID: 400004, guid: 4dbc25e9a47ce4526942367cd99d2acc, type: 2}
      propertyPath: m_LocalRotation.z
      value: 0
      objectReference: {fileID: 0}
    - target: {fileID: 400004, guid: 4dbc25e9a47ce4526942367cd99d2acc, type: 2}
      propertyPath: m_LocalRotation.w
      value: 1
      objectReference: {fileID: 0}
    - target: {fileID: 2300000, guid: 4dbc25e9a47ce4526942367cd99d2acc, type: 2}
      propertyPath: m_LightmapIndex
      value: 255
      objectReference: {fileID: 0}
    - target: {fileID: 2300000, guid: 4dbc25e9a47ce4526942367cd99d2acc, type: 2}
      propertyPath: m_LightmapTilingOffset.x
      value: 1
      objectReference: {fileID: 0}
    - target: {fileID: 2300000, guid: 4dbc25e9a47ce4526942367cd99d2acc, type: 2}
      propertyPath: m_LightmapTilingOffset.y
      value: 1
      objectReference: {fileID: 0}
    - target: {fileID: 2300000, guid: 4dbc25e9a47ce4526942367cd99d2acc, type: 2}
      propertyPath: m_LightmapTilingOffset.z
      value: 0
      objectReference: {fileID: 0}
    - target: {fileID: 2300002, guid: 4dbc25e9a47ce4526942367cd99d2acc, type: 2}
      propertyPath: m_LightmapIndex
      value: 255
      objectReference: {fileID: 0}
    - target: {fileID: 2300002, guid: 4dbc25e9a47ce4526942367cd99d2acc, type: 2}
      propertyPath: m_LightmapTilingOffset.x
      value: 1
      objectReference: {fileID: 0}
    - target: {fileID: 2300002, guid: 4dbc25e9a47ce4526942367cd99d2acc, type: 2}
      propertyPath: m_LightmapTilingOffset.y
      value: 1
      objectReference: {fileID: 0}
    - target: {fileID: 2300002, guid: 4dbc25e9a47ce4526942367cd99d2acc, type: 2}
      propertyPath: m_LightmapTilingOffset.z
      value: 0
      objectReference: {fileID: 0}
    - target: {fileID: 2300002, guid: 4dbc25e9a47ce4526942367cd99d2acc, type: 2}
      propertyPath: m_LightmapTilingOffset.w
      value: 0
      objectReference: {fileID: 0}
    m_RemovedComponents: []
  m_ParentPrefab: {fileID: 100100000, guid: 4dbc25e9a47ce4526942367cd99d2acc, type: 2}
  m_RootGameObject: {fileID: 239623616}
  m_IsPrefabParent: 0
  m_IsExploded: 1
--- !u!1 &1181875412
GameObject:
  m_ObjectHideFlags: 0
  m_PrefabParentObject: {fileID: 100014, guid: 821a36a3d4e7a48a2bc880cfd9dd993c, type: 2}
  m_PrefabInternal: {fileID: 0}
  serializedVersion: 4
  m_Component:
  - 4: {fileID: 1181875413}
  - 33: {fileID: 1181875416}
  - 23: {fileID: 1181875415}
  - 64: {fileID: 1181875414}
  m_Layer: 0
  m_Name: tile15_floor
  m_TagString: Untagged
  m_Icon: {fileID: 0}
  m_NavMeshLayer: 0
  m_StaticEditorFlags: 4294967295
  m_IsActive: 1
--- !u!4 &1181875413
Transform:
  m_ObjectHideFlags: 0
  m_PrefabParentObject: {fileID: 400014, guid: 821a36a3d4e7a48a2bc880cfd9dd993c, type: 2}
  m_PrefabInternal: {fileID: 0}
  m_GameObject: {fileID: 1181875412}
  m_LocalRotation: {x: -.707106829, y: 0, z: -0, w: .707106829}
  m_LocalPosition: {x: 0, y: 1, z: -99.236084}
  m_LocalScale: {x: 1, y: 1, z: 1}
  m_Children: []
  m_Father: {fileID: 1787694483}
--- !u!64 &1181875414
MeshCollider:
  m_ObjectHideFlags: 0
  m_PrefabParentObject: {fileID: 6400008, guid: 821a36a3d4e7a48a2bc880cfd9dd993c,
    type: 2}
  m_PrefabInternal: {fileID: 0}
  m_GameObject: {fileID: 1181875412}
  m_Material: {fileID: 13400000, guid: 5410a64fad11e8d6d00011d98d76c639, type: 2}
  m_IsTrigger: 0
  m_Enabled: 1
  serializedVersion: 2
  m_SmoothSphereCollisions: 0
  m_Convex: 0
  m_Mesh: {fileID: 4300002, guid: b60ad501690194c7bb050feab29294dc, type: 3}
--- !u!23 &1181875415
Renderer:
  m_ObjectHideFlags: 0
  m_PrefabParentObject: {fileID: 2300008, guid: 821a36a3d4e7a48a2bc880cfd9dd993c,
    type: 2}
  m_PrefabInternal: {fileID: 0}
  m_GameObject: {fileID: 1181875412}
  m_Enabled: 1
  m_CastShadows: 1
  m_ReceiveShadows: 1
  m_LightmapIndex: 255
  m_LightmapTilingOffset: {x: 1, y: 1, z: 0, w: 0}
  m_Materials:
  - {fileID: 2100000, guid: 5504b3f852abd4a9aba674539e4c876e, type: 2}
  m_SubsetIndices: 
  m_StaticBatchRoot: {fileID: 0}
  m_UseLightProbes: 0
  m_LightProbeAnchor: {fileID: 0}
  m_ScaleInLightmap: 1
--- !u!33 &1181875416
MeshFilter:
  m_ObjectHideFlags: 0
  m_PrefabParentObject: {fileID: 3300008, guid: 821a36a3d4e7a48a2bc880cfd9dd993c,
    type: 2}
  m_PrefabInternal: {fileID: 0}
  m_GameObject: {fileID: 1181875412}
  m_Mesh: {fileID: 4300002, guid: b60ad501690194c7bb050feab29294dc, type: 3}
--- !u!1 &1192764140
GameObject:
  m_ObjectHideFlags: 0
  m_PrefabParentObject: {fileID: 0}
  m_PrefabInternal: {fileID: 0}
  serializedVersion: 4
  m_Component:
  - 4: {fileID: 1192764143}
  - 114: {fileID: 1192764142}
  - 154: {fileID: 1192764141}
  m_Layer: 0
  m_Name: Terrain
  m_TagString: Untagged
  m_Icon: {fileID: 0}
  m_NavMeshLayer: 0
  m_StaticEditorFlags: 4294967295
  m_IsActive: 1
--- !u!154 &1192764141
TerrainCollider:
  m_ObjectHideFlags: 0
  m_PrefabParentObject: {fileID: 0}
  m_PrefabInternal: {fileID: 0}
  m_GameObject: {fileID: 1192764140}
  m_Material: {fileID: 0}
  m_IsTrigger: 0
  m_Enabled: 0
  m_TerrainData: {fileID: 15600000, guid: f7f05825a5f432b41964f7dce8c5f8cd, type: 2}
  m_CreateTreeColliders: 1
--- !u!114 &1192764142
MonoBehaviour:
  m_ObjectHideFlags: 0
  m_PrefabParentObject: {fileID: 0}
  m_PrefabInternal: {fileID: 0}
  m_GameObject: {fileID: 1192764140}
  m_Enabled: 1
  m_EditorHideFlags: 1
  m_Script: {fileID: 12000, guid: 0000000000000000e000000000000000, type: 0}
  m_Name: 
  m_TerrainData: {fileID: 15600000, guid: f7f05825a5f432b41964f7dce8c5f8cd, type: 2}
  m_TreeDistance: 5000
  m_TreeBillboardDistance: 50
  m_TreeCrossFadeLength: 5
  m_TreeMaximumFullLODCount: 50
  m_DetailObjectDistance: 80
  m_DetailObjectDensity: 1
  m_HeightmapPixelError: 5
  m_SplatMapDistance: 1000
  m_HeightmapMaximumLOD: 0
  m_CastShadows: 1
  m_LightmapIndex: -1
  m_LightmapSize: 1024
  m_DrawTreesAndFoliage: 1
  m_MaterialTemplate: {fileID: 0}
--- !u!4 &1192764143
Transform:
  m_ObjectHideFlags: 0
  m_PrefabParentObject: {fileID: 0}
  m_PrefabInternal: {fileID: 0}
  m_GameObject: {fileID: 1192764140}
  m_LocalRotation: {x: 0, y: 0, z: 0, w: 1}
  m_LocalPosition: {x: -106.5327, y: 1.16904449, z: -76.4405594}
  m_LocalScale: {x: 1, y: 1, z: 1}
  m_Children: []
  m_Father: {fileID: 0}
--- !u!1 &1208376585
GameObject:
  m_ObjectHideFlags: 0
  m_PrefabParentObject: {fileID: 0}
  m_PrefabInternal: {fileID: 0}
  serializedVersion: 4
  m_Component:
  - 4: {fileID: 1208376587}
  - 108: {fileID: 1208376586}
  m_Layer: 0
  m_Name: Directional light
  m_TagString: Untagged
  m_Icon: {fileID: 0}
  m_NavMeshLayer: 0
  m_StaticEditorFlags: 0
  m_IsActive: 1
--- !u!108 &1208376586
Light:
  m_ObjectHideFlags: 0
  m_PrefabParentObject: {fileID: 0}
  m_PrefabInternal: {fileID: 0}
  m_GameObject: {fileID: 1208376585}
  m_Enabled: 1
  serializedVersion: 3
  m_Type: 1
  m_Color: {r: 1, g: 1, b: 1, a: 1}
  m_Intensity: .5
  m_Range: 10
  m_SpotAngle: 30
  m_CookieSize: 10
  m_Shadows:
    m_Type: 1
    m_Resolution: -1
    m_Strength: 1
    m_Bias: .0500000007
    m_Softness: 4
    m_SoftnessFade: 1
  m_Cookie: {fileID: 0}
  m_DrawHalo: 0
  m_ActuallyLightmapped: 0
  m_Flare: {fileID: 0}
  m_RenderMode: 0
  m_CullingMask:
    serializedVersion: 2
    m_Bits: 4294967295
  m_Lightmapping: 1
  m_ShadowSamples: 1
  m_ShadowRadius: 0
  m_ShadowAngle: 0
  m_IndirectIntensity: 1
  m_AreaSize: {x: 1, y: 1}
--- !u!4 &1208376587
Transform:
  m_ObjectHideFlags: 0
  m_PrefabParentObject: {fileID: 0}
  m_PrefabInternal: {fileID: 0}
  m_GameObject: {fileID: 1208376585}
  m_LocalRotation: {x: .408217967, y: -.234569743, z: .109381683, w: .875426114}
  m_LocalPosition: {x: 3.36170197e-05, y: 4.65834236, z: 5.6045351}
  m_LocalScale: {x: 1, y: 1, z: 1}
  m_Children: []
  m_Father: {fileID: 0}
--- !u!1 &1255204956
GameObject:
  m_ObjectHideFlags: 0
  m_PrefabParentObject: {fileID: 100028, guid: f8eb00a394ccb4c6997d3ed3c38c5d44, type: 2}
  m_PrefabInternal: {fileID: 0}
  serializedVersion: 4
  m_Component:
  - 4: {fileID: 1255204957}
  - 20: {fileID: 1255204958}
  - 92: {fileID: 1255204959}
  m_Layer: 0
  m_Name: Camera
  m_TagString: Untagged
  m_Icon: {fileID: 0}
  m_NavMeshLayer: 0
  m_StaticEditorFlags: 0
  m_IsActive: 1
--- !u!4 &1255204957
Transform:
  m_ObjectHideFlags: 0
  m_PrefabParentObject: {fileID: 400028, guid: f8eb00a394ccb4c6997d3ed3c38c5d44, type: 2}
  m_PrefabInternal: {fileID: 0}
  m_GameObject: {fileID: 1255204956}
  m_LocalRotation: {x: 2.38418579e-07, y: 0, z: 0, w: 1}
  m_LocalPosition: {x: 0, y: 0, z: 0}
  m_LocalScale: {x: 1, y: 1, z: 1}
  m_Children: []
  m_Father: {fileID: 2009321051}
--- !u!20 &1255204958
Camera:
  m_ObjectHideFlags: 0
  m_PrefabParentObject: {fileID: 2000002, guid: f8eb00a394ccb4c6997d3ed3c38c5d44,
    type: 2}
  m_PrefabInternal: {fileID: 0}
  m_GameObject: {fileID: 1255204956}
  m_Enabled: 1
  serializedVersion: 2
  m_ClearFlags: 3
  m_BackGroundColor: {r: 1, g: 1, b: .474509805, a: .0196078438}
  m_NormalizedViewPortRect:
    serializedVersion: 2
    x: 0
    y: 0
    width: 1
    height: 1
  near clip plane: .300000012
  far clip plane: 1000
  field of view: 65
  orthographic: 0
  orthographic size: 100
  m_Depth: 1
  m_CullingMask:
    serializedVersion: 2
    m_Bits: 512
  m_RenderingPath: -1
  m_TargetTexture: {fileID: 0}
  m_HDR: 0
--- !u!92 &1255204959
Behaviour:
  m_ObjectHideFlags: 0
  m_PrefabParentObject: {fileID: 9200002, guid: f8eb00a394ccb4c6997d3ed3c38c5d44,
    type: 2}
  m_PrefabInternal: {fileID: 0}
  m_GameObject: {fileID: 1255204956}
  m_Enabled: 1
--- !u!1001 &1352870523
Prefab:
  m_ObjectHideFlags: 0
  serializedVersion: 2
  m_Modification:
    m_TransformParent: {fileID: 1751960821}
    m_Modifications:
    - target: {fileID: 400006, guid: e3f9169ad875c400aaa286dd9ceb48d4, type: 2}
      propertyPath: m_LocalPosition.x
      value: -58.058548
      objectReference: {fileID: 0}
    - target: {fileID: 400006, guid: e3f9169ad875c400aaa286dd9ceb48d4, type: 2}
      propertyPath: m_LocalPosition.y
      value: 1.33514404e-05
      objectReference: {fileID: 0}
    - target: {fileID: 400006, guid: e3f9169ad875c400aaa286dd9ceb48d4, type: 2}
      propertyPath: m_LocalPosition.z
      value: 0
      objectReference: {fileID: 0}
    - target: {fileID: 400006, guid: e3f9169ad875c400aaa286dd9ceb48d4, type: 2}
      propertyPath: m_LocalRotation.x
      value: 0
      objectReference: {fileID: 0}
    - target: {fileID: 400006, guid: e3f9169ad875c400aaa286dd9ceb48d4, type: 2}
      propertyPath: m_LocalRotation.y
      value: 0
      objectReference: {fileID: 0}
    - target: {fileID: 400006, guid: e3f9169ad875c400aaa286dd9ceb48d4, type: 2}
      propertyPath: m_LocalRotation.z
      value: 0
      objectReference: {fileID: 0}
    - target: {fileID: 400006, guid: e3f9169ad875c400aaa286dd9ceb48d4, type: 2}
      propertyPath: m_LocalRotation.w
      value: 1
      objectReference: {fileID: 0}
    - target: {fileID: 100008, guid: e3f9169ad875c400aaa286dd9ceb48d4, type: 2}
      propertyPath: m_StaticEditorFlags
      value: 4294967295
      objectReference: {fileID: 0}
    - target: {fileID: 100000, guid: e3f9169ad875c400aaa286dd9ceb48d4, type: 2}
      propertyPath: m_StaticEditorFlags
      value: 4294967295
      objectReference: {fileID: 0}
    - target: {fileID: 100002, guid: e3f9169ad875c400aaa286dd9ceb48d4, type: 2}
      propertyPath: m_StaticEditorFlags
      value: 4294967295
      objectReference: {fileID: 0}
    - target: {fileID: 100004, guid: e3f9169ad875c400aaa286dd9ceb48d4, type: 2}
      propertyPath: m_StaticEditorFlags
      value: 4294967295
      objectReference: {fileID: 0}
    - target: {fileID: 100006, guid: e3f9169ad875c400aaa286dd9ceb48d4, type: 2}
      propertyPath: m_StaticEditorFlags
      value: 4294967295
      objectReference: {fileID: 0}
    - target: {fileID: 2300000, guid: e3f9169ad875c400aaa286dd9ceb48d4, type: 2}
      propertyPath: m_LightmapIndex
      value: 255
      objectReference: {fileID: 0}
    - target: {fileID: 2300000, guid: e3f9169ad875c400aaa286dd9ceb48d4, type: 2}
      propertyPath: m_LightmapTilingOffset.x
      value: 1
      objectReference: {fileID: 0}
    - target: {fileID: 2300000, guid: e3f9169ad875c400aaa286dd9ceb48d4, type: 2}
      propertyPath: m_LightmapTilingOffset.y
      value: 1
      objectReference: {fileID: 0}
    - target: {fileID: 2300002, guid: e3f9169ad875c400aaa286dd9ceb48d4, type: 2}
      propertyPath: m_LightmapIndex
      value: 255
      objectReference: {fileID: 0}
    - target: {fileID: 2300002, guid: e3f9169ad875c400aaa286dd9ceb48d4, type: 2}
      propertyPath: m_LightmapTilingOffset.x
      value: 1
      objectReference: {fileID: 0}
    - target: {fileID: 2300002, guid: e3f9169ad875c400aaa286dd9ceb48d4, type: 2}
      propertyPath: m_LightmapTilingOffset.y
      value: 1
      objectReference: {fileID: 0}
    - target: {fileID: 2300002, guid: e3f9169ad875c400aaa286dd9ceb48d4, type: 2}
      propertyPath: m_LightmapTilingOffset.z
      value: 0
      objectReference: {fileID: 0}
    - target: {fileID: 2300002, guid: e3f9169ad875c400aaa286dd9ceb48d4, type: 2}
      propertyPath: m_LightmapTilingOffset.w
      value: 0
      objectReference: {fileID: 0}
    - target: {fileID: 2300004, guid: e3f9169ad875c400aaa286dd9ceb48d4, type: 2}
      propertyPath: m_LightmapIndex
      value: 255
      objectReference: {fileID: 0}
    - target: {fileID: 2300004, guid: e3f9169ad875c400aaa286dd9ceb48d4, type: 2}
      propertyPath: m_LightmapTilingOffset.x
      value: 1
      objectReference: {fileID: 0}
    - target: {fileID: 2300004, guid: e3f9169ad875c400aaa286dd9ceb48d4, type: 2}
      propertyPath: m_LightmapTilingOffset.y
      value: 1
      objectReference: {fileID: 0}
    - target: {fileID: 2300004, guid: e3f9169ad875c400aaa286dd9ceb48d4, type: 2}
      propertyPath: m_LightmapTilingOffset.z
      value: 0
      objectReference: {fileID: 0}
    - target: {fileID: 2300004, guid: e3f9169ad875c400aaa286dd9ceb48d4, type: 2}
      propertyPath: m_LightmapTilingOffset.w
      value: 0
      objectReference: {fileID: 0}
    - target: {fileID: 6500000, guid: e3f9169ad875c400aaa286dd9ceb48d4, type: 2}
      propertyPath: m_IsTrigger
      value: 1
      objectReference: {fileID: 0}
    m_RemovedComponents: []
  m_ParentPrefab: {fileID: 100100000, guid: e3f9169ad875c400aaa286dd9ceb48d4, type: 2}
  m_RootGameObject: {fileID: 1486943980}
  m_IsPrefabParent: 0
  m_IsExploded: 1
--- !u!1 &1375658235
GameObject:
  m_ObjectHideFlags: 0
  m_PrefabParentObject: {fileID: 100004, guid: e3f9169ad875c400aaa286dd9ceb48d4, type: 2}
  m_PrefabInternal: {fileID: 1352870523}
  serializedVersion: 4
  m_Component:
  - 4: {fileID: 1375658236}
  - 33: {fileID: 1375658239}
  - 23: {fileID: 1375658238}
  - 64: {fileID: 1375658237}
  m_Layer: 0
  m_Name: tile01_floor
  m_TagString: Untagged
  m_Icon: {fileID: 0}
  m_NavMeshLayer: 0
  m_StaticEditorFlags: 4294967295
  m_IsActive: 1
--- !u!4 &1375658236
Transform:
  m_ObjectHideFlags: 0
  m_PrefabParentObject: {fileID: 400004, guid: e3f9169ad875c400aaa286dd9ceb48d4, type: 2}
  m_PrefabInternal: {fileID: 1352870523}
  m_GameObject: {fileID: 1375658235}
  m_LocalRotation: {x: -.707106829, y: 0, z: -0, w: .707106829}
  m_LocalPosition: {x: 0, y: 1, z: -99.236084}
  m_LocalScale: {x: 1, y: 1, z: 1}
  m_Children: []
  m_Father: {fileID: 1486943981}
--- !u!64 &1375658237
MeshCollider:
  m_ObjectHideFlags: 0
  m_PrefabParentObject: {fileID: 6400004, guid: e3f9169ad875c400aaa286dd9ceb48d4,
    type: 2}
  m_PrefabInternal: {fileID: 1352870523}
  m_GameObject: {fileID: 1375658235}
  m_Material: {fileID: 13400000, guid: 5410a64fad11e8d6d00011d98d76c639, type: 2}
  m_IsTrigger: 0
  m_Enabled: 1
  serializedVersion: 2
  m_SmoothSphereCollisions: 1
  m_Convex: 0
  m_Mesh: {fileID: 4300002, guid: c303909d08a2c47b2b801b0d5474014a, type: 3}
--- !u!23 &1375658238
Renderer:
  m_ObjectHideFlags: 0
  m_PrefabParentObject: {fileID: 2300004, guid: e3f9169ad875c400aaa286dd9ceb48d4,
    type: 2}
  m_PrefabInternal: {fileID: 1352870523}
  m_GameObject: {fileID: 1375658235}
  m_Enabled: 1
  m_CastShadows: 1
  m_ReceiveShadows: 1
  m_LightmapIndex: 255
  m_LightmapTilingOffset: {x: 1, y: 1, z: 0, w: 0}
  m_Materials:
  - {fileID: 2100000, guid: 5504b3f852abd4a9aba674539e4c876e, type: 2}
  m_SubsetIndices: 
  m_StaticBatchRoot: {fileID: 0}
  m_UseLightProbes: 0
  m_LightProbeAnchor: {fileID: 0}
  m_ScaleInLightmap: 1
--- !u!33 &1375658239
MeshFilter:
  m_ObjectHideFlags: 0
  m_PrefabParentObject: {fileID: 3300004, guid: e3f9169ad875c400aaa286dd9ceb48d4,
    type: 2}
  m_PrefabInternal: {fileID: 1352870523}
  m_GameObject: {fileID: 1375658235}
  m_Mesh: {fileID: 4300002, guid: c303909d08a2c47b2b801b0d5474014a, type: 3}
--- !u!1 &1399200678
GameObject:
  m_ObjectHideFlags: 0
  m_PrefabParentObject: {fileID: 100000, guid: e3f9169ad875c400aaa286dd9ceb48d4, type: 2}
  m_PrefabInternal: {fileID: 1352870523}
  serializedVersion: 4
  m_Component:
  - 4: {fileID: 1399200679}
  - 33: {fileID: 1399200682}
  - 23: {fileID: 1399200681}
  - 64: {fileID: 1399200680}
  m_Layer: 8
  m_Name: tile01_walls
  m_TagString: Untagged
  m_Icon: {fileID: 0}
  m_NavMeshLayer: 0
  m_StaticEditorFlags: 4294967295
  m_IsActive: 1
--- !u!4 &1399200679
Transform:
  m_ObjectHideFlags: 0
  m_PrefabParentObject: {fileID: 400000, guid: e3f9169ad875c400aaa286dd9ceb48d4, type: 2}
  m_PrefabInternal: {fileID: 1352870523}
  m_GameObject: {fileID: 1399200678}
  m_LocalRotation: {x: -.707106829, y: 0, z: -0, w: .707106829}
  m_LocalPosition: {x: 0, y: 1, z: -99.236084}
  m_LocalScale: {x: 1, y: 1, z: 1}
  m_Children: []
  m_Father: {fileID: 1486943981}
--- !u!64 &1399200680
MeshCollider:
  m_ObjectHideFlags: 0
  m_PrefabParentObject: {fileID: 6400000, guid: e3f9169ad875c400aaa286dd9ceb48d4,
    type: 2}
  m_PrefabInternal: {fileID: 1352870523}
  m_GameObject: {fileID: 1399200678}
  m_Material: {fileID: 13400000, guid: 99e86ee0ad11f8d6d00011d98d76c639, type: 2}
  m_IsTrigger: 0
  m_Enabled: 1
  serializedVersion: 2
  m_SmoothSphereCollisions: 0
  m_Convex: 0
  m_Mesh: {fileID: 4300000, guid: c303909d08a2c47b2b801b0d5474014a, type: 3}
--- !u!23 &1399200681
Renderer:
  m_ObjectHideFlags: 0
  m_PrefabParentObject: {fileID: 2300000, guid: e3f9169ad875c400aaa286dd9ceb48d4,
    type: 2}
  m_PrefabInternal: {fileID: 1352870523}
  m_GameObject: {fileID: 1399200678}
  m_Enabled: 1
  m_CastShadows: 1
  m_ReceiveShadows: 1
  m_LightmapIndex: 255
  m_LightmapTilingOffset: {x: 1, y: 1, z: 0, w: 0}
  m_Materials:
  - {fileID: 2100000, guid: 64aaaeb38d9a54fcd81e503183cfb074, type: 2}
  - {fileID: 2100000, guid: cf02aba9bfd84444d8107e5f91af0621, type: 2}
  m_SubsetIndices: 
  m_StaticBatchRoot: {fileID: 0}
  m_UseLightProbes: 0
  m_LightProbeAnchor: {fileID: 0}
  m_ScaleInLightmap: 1
--- !u!33 &1399200682
MeshFilter:
  m_ObjectHideFlags: 0
  m_PrefabParentObject: {fileID: 3300000, guid: e3f9169ad875c400aaa286dd9ceb48d4,
    type: 2}
  m_PrefabInternal: {fileID: 1352870523}
  m_GameObject: {fileID: 1399200678}
  m_Mesh: {fileID: 4300000, guid: c303909d08a2c47b2b801b0d5474014a, type: 3}
--- !u!1 &1406891115
GameObject:
  m_ObjectHideFlags: 0
  m_PrefabParentObject: {fileID: 100002, guid: 821a36a3d4e7a48a2bc880cfd9dd993c, type: 2}
  m_PrefabInternal: {fileID: 0}
  serializedVersion: 4
  m_Component:
  - 4: {fileID: 1406891116}
  - 33: {fileID: 1406891119}
  - 23: {fileID: 1406891118}
  - 64: {fileID: 1406891117}
  m_Layer: 0
  m_Name: tile22_floor01
  m_TagString: Untagged
  m_Icon: {fileID: 0}
  m_NavMeshLayer: 0
  m_StaticEditorFlags: 4294967295
  m_IsActive: 1
--- !u!4 &1406891116
Transform:
  m_ObjectHideFlags: 0
  m_PrefabParentObject: {fileID: 400002, guid: 821a36a3d4e7a48a2bc880cfd9dd993c, type: 2}
  m_PrefabInternal: {fileID: 0}
  m_GameObject: {fileID: 1406891115}
  m_LocalRotation: {x: -.707106829, y: 0, z: -0, w: .707106829}
  m_LocalPosition: {x: -32.5653381, y: .999994278, z: -99.2360535}
  m_LocalScale: {x: 1, y: 1, z: 1}
  m_Children: []
  m_Father: {fileID: 2026422213}
--- !u!64 &1406891117
MeshCollider:
  m_ObjectHideFlags: 0
  m_PrefabParentObject: {fileID: 6400002, guid: 821a36a3d4e7a48a2bc880cfd9dd993c,
    type: 2}
  m_PrefabInternal: {fileID: 0}
  m_GameObject: {fileID: 1406891115}
  m_Material: {fileID: 13400000, guid: 5410a64fad11e8d6d00011d98d76c639, type: 2}
  m_IsTrigger: 0
  m_Enabled: 1
  serializedVersion: 2
  m_SmoothSphereCollisions: 0
  m_Convex: 0
  m_Mesh: {fileID: 4300002, guid: 8c8fd7967377245e2aa2cc4a4158dfb1, type: 3}
--- !u!23 &1406891118
Renderer:
  m_ObjectHideFlags: 0
  m_PrefabParentObject: {fileID: 2300002, guid: 821a36a3d4e7a48a2bc880cfd9dd993c,
    type: 2}
  m_PrefabInternal: {fileID: 0}
  m_GameObject: {fileID: 1406891115}
  m_Enabled: 1
  m_CastShadows: 1
  m_ReceiveShadows: 1
  m_LightmapIndex: 255
  m_LightmapTilingOffset: {x: 1, y: 1, z: 0, w: 0}
  m_Materials:
  - {fileID: 2100000, guid: 2948463c79a4940d6b65346e5b534c68, type: 2}
  m_SubsetIndices: 
  m_StaticBatchRoot: {fileID: 0}
  m_UseLightProbes: 0
  m_LightProbeAnchor: {fileID: 0}
  m_ScaleInLightmap: 1
--- !u!33 &1406891119
MeshFilter:
  m_ObjectHideFlags: 0
  m_PrefabParentObject: {fileID: 3300002, guid: 821a36a3d4e7a48a2bc880cfd9dd993c,
    type: 2}
  m_PrefabInternal: {fileID: 0}
  m_GameObject: {fileID: 1406891115}
  m_Mesh: {fileID: 4300002, guid: 8c8fd7967377245e2aa2cc4a4158dfb1, type: 3}
--- !u!1 &1459994153
GameObject:
  m_ObjectHideFlags: 0
  m_PrefabParentObject: {fileID: 100026, guid: 821a36a3d4e7a48a2bc880cfd9dd993c, type: 2}
  m_PrefabInternal: {fileID: 0}
  serializedVersion: 4
  m_Component:
  - 4: {fileID: 1459994154}
  - 33: {fileID: 1459994156}
  - 23: {fileID: 1459994155}
  m_Layer: 9
  m_Name: Trail
  m_TagString: Untagged
  m_Icon: {fileID: 0}
  m_NavMeshLayer: 0
  m_StaticEditorFlags: 0
  m_IsActive: 1
--- !u!4 &1459994154
Transform:
  m_ObjectHideFlags: 0
  m_PrefabParentObject: {fileID: 400030, guid: 821a36a3d4e7a48a2bc880cfd9dd993c, type: 2}
  m_PrefabInternal: {fileID: 0}
  m_GameObject: {fileID: 1459994153}
  m_LocalRotation: {x: 0, y: 0, z: 0, w: 1}
  m_LocalPosition: {x: 0, y: 0, z: 0}
  m_LocalScale: {x: 1, y: 1, z: 1}
  m_Children: []
  m_Father: {fileID: 439845680}
--- !u!23 &1459994155
Renderer:
  m_ObjectHideFlags: 0
  m_PrefabParentObject: {fileID: 2300018, guid: 821a36a3d4e7a48a2bc880cfd9dd993c,
    type: 2}
  m_PrefabInternal: {fileID: 0}
  m_GameObject: {fileID: 1459994153}
  m_Enabled: 1
  m_CastShadows: 0
  m_ReceiveShadows: 0
  m_LightmapIndex: 255
  m_LightmapTilingOffset: {x: 1, y: 1, z: 0, w: 0}
  m_Materials:
  - {fileID: 2100000, guid: d42af26cdf5fb824ba87127b4508e285, type: 2}
  m_SubsetIndices: 
  m_StaticBatchRoot: {fileID: 0}
  m_UseLightProbes: 0
  m_LightProbeAnchor: {fileID: 0}
  m_ScaleInLightmap: 1
--- !u!33 &1459994156
MeshFilter:
  m_ObjectHideFlags: 0
  m_PrefabParentObject: {fileID: 3300018, guid: 821a36a3d4e7a48a2bc880cfd9dd993c,
    type: 2}
  m_PrefabInternal: {fileID: 0}
  m_GameObject: {fileID: 1459994153}
  m_Mesh: {fileID: 4300000, guid: 291b818cfd83d41469b45ba189b3bd88, type: 3}
--- !u!1 &1486943980
GameObject:
  m_ObjectHideFlags: 0
  m_PrefabParentObject: {fileID: 100006, guid: e3f9169ad875c400aaa286dd9ceb48d4, type: 2}
  m_PrefabInternal: {fileID: 1352870523}
  serializedVersion: 4
  m_Component:
  - 4: {fileID: 1486943981}
  - 95: {fileID: 1486943982}
  m_Layer: 0
  m_Name: tile01
  m_TagString: Untagged
  m_Icon: {fileID: 0}
  m_NavMeshLayer: 0
  m_StaticEditorFlags: 4294967295
  m_IsActive: 1
--- !u!4 &1486943981
Transform:
  m_ObjectHideFlags: 0
  m_PrefabParentObject: {fileID: 400006, guid: e3f9169ad875c400aaa286dd9ceb48d4, type: 2}
  m_PrefabInternal: {fileID: 1352870523}
  m_GameObject: {fileID: 1486943980}
  m_LocalRotation: {x: 0, y: 0, z: 0, w: 1}
  m_LocalPosition: {x: -58.058548, y: 1.33514404e-05, z: 0}
  m_LocalScale: {x: 1, y: 1, z: 1}
  m_Children:
  - {fileID: 1375658236}
  - {fileID: 960317031}
  - {fileID: 1399200679}
  m_Father: {fileID: 1751960821}
--- !u!95 &1486943982
Animator:
  m_ObjectHideFlags: 0
  m_PrefabParentObject: {fileID: 9500000, guid: e3f9169ad875c400aaa286dd9ceb48d4,
    type: 2}
  m_PrefabInternal: {fileID: 1352870523}
  m_GameObject: {fileID: 1486943980}
  m_Enabled: 1
  m_Avatar: {fileID: 9000000, guid: c303909d08a2c47b2b801b0d5474014a, type: 3}
  m_Controller: {fileID: 0}
  m_CullingMode: 1
  m_ApplyRootMotion: 1
  m_AnimatePhysics: 0
--- !u!1 &1552521290
GameObject:
  m_ObjectHideFlags: 0
  m_PrefabParentObject: {fileID: 100030, guid: 821a36a3d4e7a48a2bc880cfd9dd993c, type: 2}
  m_PrefabInternal: {fileID: 0}
  serializedVersion: 4
  m_Component:
  - 4: {fileID: 1552521291}
  - 33: {fileID: 1552521298}
  - 23: {fileID: 1552521297}
  - 114: {fileID: 1552521296}
  - 54: {fileID: 1552521295}
  - 82: {fileID: 1552521294}
  - 135: {fileID: 1552521293}
  - 114: {fileID: 1552521292}
  m_Layer: 12
  m_Name: Ball
  m_TagString: Player
  m_Icon: {fileID: 0}
  m_NavMeshLayer: 0
  m_StaticEditorFlags: 0
  m_IsActive: 1
--- !u!4 &1552521291
Transform:
  m_ObjectHideFlags: 0
  m_PrefabParentObject: {fileID: 400026, guid: 821a36a3d4e7a48a2bc880cfd9dd993c, type: 2}
  m_PrefabInternal: {fileID: 0}
  m_GameObject: {fileID: 1552521290}
  m_LocalRotation: {x: 0, y: 1, z: 0, w: -1.62920685e-07}
  m_LocalPosition: {x: -15.3501987, y: 8.50117588, z: 15.1623383}
  m_LocalScale: {x: 1, y: 1, z: 1}
  m_Children:
  - {fileID: 439845680}
  m_Father: {fileID: 866432314}
--- !u!114 &1552521292
MonoBehaviour:
  m_ObjectHideFlags: 0
  m_PrefabParentObject: {fileID: 11400002, guid: 821a36a3d4e7a48a2bc880cfd9dd993c,
    type: 2}
  m_PrefabInternal: {fileID: 0}
  m_GameObject: {fileID: 1552521290}
  m_Enabled: 1
  m_EditorHideFlags: 0
  m_Script: {fileID: 11500000, guid: a2816d47e7d2d493dab89bbbc033df60, type: 3}
  m_Name: 
  volScalar: 1
--- !u!135 &1552521293
SphereCollider:
  m_ObjectHideFlags: 0
  m_PrefabParentObject: {fileID: 13500000, guid: 821a36a3d4e7a48a2bc880cfd9dd993c,
    type: 2}
  m_PrefabInternal: {fileID: 0}
  m_GameObject: {fileID: 1552521290}
  m_Material: {fileID: 13400000, guid: cbc45ef4418608e43a58b4b4d3afff3e, type: 2}
  m_IsTrigger: 0
  m_Enabled: 1
  serializedVersion: 2
  m_Radius: .213
  m_Center: {x: 0, y: 0, z: 0}
--- !u!82 &1552521294
AudioSource:
  m_ObjectHideFlags: 0
  m_PrefabParentObject: {fileID: 8200000, guid: 821a36a3d4e7a48a2bc880cfd9dd993c,
    type: 2}
  m_PrefabInternal: {fileID: 0}
  m_GameObject: {fileID: 1552521290}
  m_Enabled: 1
  serializedVersion: 3
  m_audioClip: {fileID: 0}
  m_PlayOnAwake: 0
  m_Volume: 1
  m_Pitch: 1
  Loop: 0
  Mute: 0
  Priority: 128
  DopplerLevel: 1
  MinDistance: 1
  MaxDistance: 500
  Pan2D: 0
  rolloffMode: 2
  BypassEffects: 0
  rolloffCustomCurve:
    serializedVersion: 2
    m_Curve:
    - time: 0
      value: 1
      inSlope: 7.00649232e-43
      outSlope: 4.62427991e-36
      tangentMode: 0
    - time: .000200000009
      value: 1
      inSlope: 0
      outSlope: 0
      tangentMode: 0
    - time: .000400000019
      value: 1
      inSlope: 0
      outSlope: 0
      tangentMode: 0
    - time: .000800000038
      value: 1
      inSlope: 0
      outSlope: 0
      tangentMode: 0
    - time: .00160000008
      value: 1
      inSlope: 0
      outSlope: 0
      tangentMode: 0
    - time: .00320000015
      value: .943396211
      inSlope: -45.1818085
      outSlope: -43.8380966
      tangentMode: 0
    - time: .0064000003
      value: .819672108
      inSlope: -34.4980507
      outSlope: -32.7344971
      tangentMode: 0
    - time: .0128000006
      value: .649350643
      inSlope: -21.996954
      outSlope: -20.2415962
      tangentMode: 0
    - time: .0256000012
      value: .458715588
      inSlope: -11.1772795
      outSlope: -9.93751431
      tangentMode: 0
    - time: .0512000024
      value: .289017349
      inSlope: -4.51025534
      outSlope: -3.88882446
      tangentMode: 0
    - time: .102400005
      value: .166112959
      inSlope: -1.50792325
      outSlope: -1.2715317
      tangentMode: 0
    - time: .20480001
      value: .0897666067
      inSlope: -.443686068
      outSlope: -.368984908
      tangentMode: 0
    - time: .409600019
      value: .0467726849
      inSlope: -.120972067
      outSlope: -.0998222232
      tangentMode: 0
    - time: .819200039
      value: .0238891542
      inSlope: -.0316295177
      outSlope: -.0259913355
      tangentMode: 0
    - time: 1
      value: .0196463652
      inSlope: 7.00649232e-43
      outSlope: 4.62427991e-36
      tangentMode: 0
    m_PreInfinity: 2
    m_PostInfinity: 2
  panLevelCustomCurve:
    serializedVersion: 2
    m_Curve:
    - time: 0
      value: 1
      inSlope: 0
      outSlope: 0
      tangentMode: 0
    m_PreInfinity: 2
    m_PostInfinity: 2
  spreadCustomCurve:
    serializedVersion: 2
    m_Curve:
    - time: 0
      value: 0
      inSlope: 0
      outSlope: 0
      tangentMode: 0
    m_PreInfinity: 2
    m_PostInfinity: 2
--- !u!54 &1552521295
Rigidbody:
  m_ObjectHideFlags: 0
  m_PrefabParentObject: {fileID: 5400000, guid: 821a36a3d4e7a48a2bc880cfd9dd993c,
    type: 2}
  m_PrefabInternal: {fileID: 0}
  m_GameObject: {fileID: 1552521290}
  serializedVersion: 2
  m_Mass: 3.83999991
  m_Drag: .100000001
  m_AngularDrag: .100000001
  m_UseGravity: 1
  m_IsKinematic: 0
  m_Interpolate: 1
  m_Constraints: 0
  m_CollisionDetection: 1
--- !u!114 &1552521296
MonoBehaviour:
  m_ObjectHideFlags: 0
  m_PrefabParentObject: {fileID: 11400000, guid: 821a36a3d4e7a48a2bc880cfd9dd993c,
    type: 2}
  m_PrefabInternal: {fileID: 0}
  m_GameObject: {fileID: 1552521290}
  m_Enabled: 1
  m_EditorHideFlags: 0
  m_Script: {fileID: 11500000, guid: 2d8a28e8d7bcd4f38a64fc3fca23a649, type: 3}
  m_Name: 
  fireButtonTex: {fileID: 2800000, guid: ae3d7049cbf2a421e8240105070db2b3, type: 3}
  initalMode: 1
  m_ballMode: 0
  rotateSpeed: 1.5
  minPower: .00625000009
  maxPower: 1
  powerScale: .100000001
  m_currentPower: 0
  ballForce: 17500
  fallTime: 2
  minRollTime: 1.20000005
  maxRollTime: 3
  minVelocity: .0500000007
  minAngularVelocity: 5.5999999
  requiredStoppedTime: 1
  greenTex: {fileID: 2800000, guid: df067abbabd2a463b9382ba5bde158de, type: 3}
  redTex: {fileID: 2800000, guid: be5689c36f3e7416aa807a38f0dee5ca, type: 3}
  wallHitAC: {fileID: 8300000, guid: 215377022702b43bbb0dc4ad2e148965, type: 3}
  strokeAC: {fileID: 8300000, guid: a7004710a1250429c97cedf4b3611914, type: 3}
  slowDownDrag: 1.25
  slowDownAngularDrag: .5
  useSuperBounce: 0
  wallBoostTime: 1
  wallBoostScalar: 1.25
  ballPhysicsMat: {fileID: 13400000, guid: cbc45ef4418608e43a58b4b4d3afff3e, type: 2}
  onTeeSpeed: 12
  teeBounds: {x: -2, y: 2, z: -1, w: 1}
  onWallHitGO: {fileID: 100000, guid: 9c5bd6070cd5d481abdb8755ff51fd7a, type: 2}
  onWaterHitGO: {fileID: 100000, guid: caf20877f7cce4351a9b1cfef8dcd186, type: 2}
  birdsEye: {fileID: 0}
  powerSpeedChange: .550000012
  aimDisabled: 0
--- !u!23 &1552521297
Renderer:
  m_ObjectHideFlags: 0
  m_PrefabParentObject: {fileID: 2300016, guid: 821a36a3d4e7a48a2bc880cfd9dd993c,
    type: 2}
  m_PrefabInternal: {fileID: 0}
  m_GameObject: {fileID: 1552521290}
  m_Enabled: 1
  m_CastShadows: 0
  m_ReceiveShadows: 1
  m_LightmapIndex: 255
  m_LightmapTilingOffset: {x: 1, y: 1, z: 0, w: 0}
  m_Materials:
  - {fileID: 2100000, guid: d3443ac707f3e5347a390c0eda90c81a, type: 2}
  m_SubsetIndices: 
  m_StaticBatchRoot: {fileID: 0}
  m_UseLightProbes: 0
  m_LightProbeAnchor: {fileID: 0}
  m_ScaleInLightmap: 1
--- !u!33 &1552521298
MeshFilter:
  m_ObjectHideFlags: 0
  m_PrefabParentObject: {fileID: 3300016, guid: 821a36a3d4e7a48a2bc880cfd9dd993c,
    type: 2}
  m_PrefabInternal: {fileID: 0}
  m_GameObject: {fileID: 1552521290}
  m_Mesh: {fileID: 4300000, guid: 08feb961463a3534fac0e17a47ff75a9, type: 3}
--- !u!1 &1589670344
GameObject:
  m_ObjectHideFlags: 0
  m_PrefabParentObject: {fileID: 100032, guid: 821a36a3d4e7a48a2bc880cfd9dd993c, type: 2}
  m_PrefabInternal: {fileID: 0}
  serializedVersion: 4
  m_Component:
  - 4: {fileID: 1589670345}
  - 33: {fileID: 1589670348}
  - 23: {fileID: 1589670347}
  - 64: {fileID: 1589670346}
  m_Layer: 8
  m_Name: tile23_walls
  m_TagString: Untagged
  m_Icon: {fileID: 0}
  m_NavMeshLayer: 0
  m_StaticEditorFlags: 4294967295
  m_IsActive: 1
--- !u!4 &1589670345
Transform:
  m_ObjectHideFlags: 0
  m_PrefabParentObject: {fileID: 400032, guid: 821a36a3d4e7a48a2bc880cfd9dd993c, type: 2}
  m_PrefabInternal: {fileID: 0}
  m_GameObject: {fileID: 1589670344}
  m_LocalRotation: {x: -.707106829, y: 0, z: -0, w: .707106829}
  m_LocalPosition: {x: 0, y: 1, z: -99.236084}
  m_LocalScale: {x: 1, y: 1, z: 1}
  m_Children: []
  m_Father: {fileID: 243591120}
--- !u!64 &1589670346
MeshCollider:
  m_ObjectHideFlags: 0
  m_PrefabParentObject: {fileID: 6400016, guid: 821a36a3d4e7a48a2bc880cfd9dd993c,
    type: 2}
  m_PrefabInternal: {fileID: 0}
  m_GameObject: {fileID: 1589670344}
  m_Material: {fileID: 13400000, guid: 99e86ee0ad11f8d6d00011d98d76c639, type: 2}
  m_IsTrigger: 0
  m_Enabled: 1
  serializedVersion: 2
  m_SmoothSphereCollisions: 0
  m_Convex: 0
  m_Mesh: {fileID: 4300000, guid: 911ef39b0aa22479f8895d3daa83ca1f, type: 3}
--- !u!23 &1589670347
Renderer:
  m_ObjectHideFlags: 0
  m_PrefabParentObject: {fileID: 2300020, guid: 821a36a3d4e7a48a2bc880cfd9dd993c,
    type: 2}
  m_PrefabInternal: {fileID: 0}
  m_GameObject: {fileID: 1589670344}
  m_Enabled: 1
  m_CastShadows: 1
  m_ReceiveShadows: 1
  m_LightmapIndex: 255
  m_LightmapTilingOffset: {x: 1, y: 1, z: 0, w: 0}
  m_Materials:
  - {fileID: 2100000, guid: cf02aba9bfd84444d8107e5f91af0621, type: 2}
  m_SubsetIndices: 
  m_StaticBatchRoot: {fileID: 0}
  m_UseLightProbes: 0
  m_LightProbeAnchor: {fileID: 0}
  m_ScaleInLightmap: 1
--- !u!33 &1589670348
MeshFilter:
  m_ObjectHideFlags: 0
  m_PrefabParentObject: {fileID: 3300020, guid: 821a36a3d4e7a48a2bc880cfd9dd993c,
    type: 2}
  m_PrefabInternal: {fileID: 0}
  m_GameObject: {fileID: 1589670344}
  m_Mesh: {fileID: 4300000, guid: 911ef39b0aa22479f8895d3daa83ca1f, type: 3}
--- !u!1 &1596245602
GameObject:
  m_ObjectHideFlags: 0
  m_PrefabParentObject: {fileID: 100000, guid: 4dbc25e9a47ce4526942367cd99d2acc, type: 2}
  m_PrefabInternal: {fileID: 0}
  serializedVersion: 4
  m_Component:
  - 4: {fileID: 1596245603}
  - 33: {fileID: 1596245606}
  - 23: {fileID: 1596245605}
  - 64: {fileID: 1596245604}
  m_Layer: 8
  m_Name: tile04_walls
  m_TagString: Untagged
  m_Icon: {fileID: 0}
  m_NavMeshLayer: 0
  m_StaticEditorFlags: 4294967295
  m_IsActive: 1
--- !u!4 &1596245603
Transform:
  m_ObjectHideFlags: 0
  m_PrefabParentObject: {fileID: 400000, guid: 4dbc25e9a47ce4526942367cd99d2acc, type: 2}
  m_PrefabInternal: {fileID: 0}
  m_GameObject: {fileID: 1596245602}
  m_LocalRotation: {x: -.5, y: .5, z: .5, w: .5}
  m_LocalPosition: {x: 346.631683, y: 113.226761, z: 317.553284}
  m_LocalScale: {x: 1, y: 1, z: 1}
  m_Children: []
  m_Father: {fileID: 239623617}
--- !u!64 &1596245604
MeshCollider:
  m_ObjectHideFlags: 0
  m_PrefabParentObject: {fileID: 6400000, guid: 4dbc25e9a47ce4526942367cd99d2acc,
    type: 2}
  m_PrefabInternal: {fileID: 0}
  m_GameObject: {fileID: 1596245602}
  m_Material: {fileID: 13400000, guid: 99e86ee0ad11f8d6d00011d98d76c639, type: 2}
  m_IsTrigger: 0
  m_Enabled: 1
  serializedVersion: 2
  m_SmoothSphereCollisions: 0
  m_Convex: 0
  m_Mesh: {fileID: 4300000, guid: 642ec847cf7074ffd9840f54d8bc782a, type: 3}
--- !u!23 &1596245605
Renderer:
  m_ObjectHideFlags: 0
  m_PrefabParentObject: {fileID: 2300000, guid: 4dbc25e9a47ce4526942367cd99d2acc,
    type: 2}
  m_PrefabInternal: {fileID: 0}
  m_GameObject: {fileID: 1596245602}
  m_Enabled: 1
  m_CastShadows: 1
  m_ReceiveShadows: 1
  m_LightmapIndex: 255
  m_LightmapTilingOffset: {x: 1, y: 1, z: 0, w: 0}
  m_Materials:
  - {fileID: 2100000, guid: cf02aba9bfd84444d8107e5f91af0621, type: 2}
  - {fileID: 2100000, guid: 64aaaeb38d9a54fcd81e503183cfb074, type: 2}
  m_SubsetIndices: 
  m_StaticBatchRoot: {fileID: 0}
  m_UseLightProbes: 0
  m_LightProbeAnchor: {fileID: 0}
  m_ScaleInLightmap: 1
--- !u!33 &1596245606
MeshFilter:
  m_ObjectHideFlags: 0
  m_PrefabParentObject: {fileID: 3300000, guid: 4dbc25e9a47ce4526942367cd99d2acc,
    type: 2}
  m_PrefabInternal: {fileID: 0}
  m_GameObject: {fileID: 1596245602}
  m_Mesh: {fileID: 4300000, guid: 642ec847cf7074ffd9840f54d8bc782a, type: 3}
--- !u!1 &1751960820
GameObject:
  m_ObjectHideFlags: 0
  m_PrefabParentObject: {fileID: 0}
  m_PrefabInternal: {fileID: 0}
  serializedVersion: 4
  m_Component:
  - 4: {fileID: 1751960821}
  m_Layer: 0
  m_Name: Tiles
  m_TagString: Untagged
  m_Icon: {fileID: 0}
  m_NavMeshLayer: 0
  m_StaticEditorFlags: 4294967295
  m_IsActive: 1
--- !u!4 &1751960821
Transform:
  m_ObjectHideFlags: 0
  m_PrefabParentObject: {fileID: 0}
  m_PrefabInternal: {fileID: 0}
  m_GameObject: {fileID: 1751960820}
  m_LocalRotation: {x: 0, y: 0, z: 0, w: 1}
  m_LocalPosition: {x: 0, y: 0, z: 0}
  m_LocalScale: {x: .100000001, y: .100000001, z: .100000001}
  m_Children:
  - {fileID: 1486943981}
  - {fileID: 239623617}
  - {fileID: 835928797}
  m_Father: {fileID: 0}
--- !u!1 &1787694482
GameObject:
  m_ObjectHideFlags: 0
  m_PrefabParentObject: {fileID: 100012, guid: 821a36a3d4e7a48a2bc880cfd9dd993c, type: 2}
  m_PrefabInternal: {fileID: 0}
  serializedVersion: 4
  m_Component:
  - 4: {fileID: 1787694483}
  - 95: {fileID: 1787694484}
  m_Layer: 0
  m_Name: tile15
  m_TagString: Untagged
  m_Icon: {fileID: 0}
  m_NavMeshLayer: 0
  m_StaticEditorFlags: 4294967295
  m_IsActive: 1
--- !u!4 &1787694483
Transform:
  m_ObjectHideFlags: 0
  m_PrefabParentObject: {fileID: 400012, guid: 821a36a3d4e7a48a2bc880cfd9dd993c, type: 2}
  m_PrefabInternal: {fileID: 0}
  m_GameObject: {fileID: 1787694482}
  m_LocalRotation: {x: 0, y: .707106888, z: 0, w: .707106769}
  m_LocalPosition: {x: 10.0907698, y: -6.80000257, z: -12.1865826}
  m_LocalScale: {x: .100000031, y: .100000001, z: .100000031}
  m_Children:
  - {fileID: 1181875413}
  - {fileID: 177651843}
  m_Father: {fileID: 866432314}
--- !u!95 &1787694484
Animator:
  m_ObjectHideFlags: 0
  m_PrefabParentObject: {fileID: 9500004, guid: 821a36a3d4e7a48a2bc880cfd9dd993c,
    type: 2}
  m_PrefabInternal: {fileID: 0}
  m_GameObject: {fileID: 1787694482}
  m_Enabled: 1
  m_Avatar: {fileID: 9000000, guid: b60ad501690194c7bb050feab29294dc, type: 3}
  m_Controller: {fileID: 0}
  m_CullingMode: 1
  m_ApplyRootMotion: 1
  m_AnimatePhysics: 0
--- !u!1 &1912788077
GameObject:
  m_ObjectHideFlags: 0
  m_PrefabParentObject: {fileID: 100022, guid: 821a36a3d4e7a48a2bc880cfd9dd993c, type: 2}
  m_PrefabInternal: {fileID: 0}
  serializedVersion: 4
  m_Component:
  - 4: {fileID: 1912788078}
  - 95: {fileID: 1912788079}
  m_Layer: 0
  m_Name: tile15
  m_TagString: Untagged
  m_Icon: {fileID: 0}
  m_NavMeshLayer: 0
  m_StaticEditorFlags: 4294967295
  m_IsActive: 1
--- !u!4 &1912788078
Transform:
  m_ObjectHideFlags: 0
  m_PrefabParentObject: {fileID: 400022, guid: 821a36a3d4e7a48a2bc880cfd9dd993c, type: 2}
  m_PrefabInternal: {fileID: 0}
  m_GameObject: {fileID: 1912788077}
  m_LocalRotation: {x: 0, y: 0, z: 0, w: 1}
  m_LocalPosition: {x: -12.6328478, y: -1.20000362, z: -15.0629759}
  m_LocalScale: {x: .100000001, y: .100000001, z: .100000001}
  m_Children: []
  m_Father: {fileID: 866432314}
--- !u!95 &1912788079
Animator:
  m_ObjectHideFlags: 0
  m_PrefabParentObject: {fileID: 9500006, guid: 821a36a3d4e7a48a2bc880cfd9dd993c,
    type: 2}
  m_PrefabInternal: {fileID: 0}
  m_GameObject: {fileID: 1912788077}
  m_Enabled: 1
  m_Avatar: {fileID: 9000000, guid: b60ad501690194c7bb050feab29294dc, type: 3}
  m_Controller: {fileID: 0}
  m_CullingMode: 1
  m_ApplyRootMotion: 1
  m_AnimatePhysics: 0
--- !u!1 &1936023416
GameObject:
  m_ObjectHideFlags: 0
  m_PrefabParentObject: {fileID: 100002, guid: 55275d55d3b904062a94edb227e0037f, type: 2}
  m_PrefabInternal: {fileID: 53880271}
  serializedVersion: 4
  m_Component:
  - 4: {fileID: 1936023417}
  - 33: {fileID: 1936023420}
  - 23: {fileID: 1936023419}
  - 64: {fileID: 1936023418}
  m_Layer: 0
  m_Name: tile10_floor
  m_TagString: Untagged
  m_Icon: {fileID: 0}
  m_NavMeshLayer: 0
  m_StaticEditorFlags: 4294967295
  m_IsActive: 1
--- !u!4 &1936023417
Transform:
  m_ObjectHideFlags: 0
  m_PrefabParentObject: {fileID: 400002, guid: 55275d55d3b904062a94edb227e0037f, type: 2}
  m_PrefabInternal: {fileID: 53880271}
  m_GameObject: {fileID: 1936023416}
  m_LocalRotation: {x: -.707106829, y: 0, z: -0, w: .707106829}
  m_LocalPosition: {x: 0, y: 1, z: -99.236084}
  m_LocalScale: {x: 1, y: 1, z: 1}
  m_Children: []
  m_Father: {fileID: 835928797}
--- !u!64 &1936023418
MeshCollider:
  m_ObjectHideFlags: 0
  m_PrefabParentObject: {fileID: 6400002, guid: 55275d55d3b904062a94edb227e0037f,
    type: 2}
  m_PrefabInternal: {fileID: 53880271}
  m_GameObject: {fileID: 1936023416}
  m_Material: {fileID: 13400000, guid: 5410a64fad11e8d6d00011d98d76c639, type: 2}
  m_IsTrigger: 0
  m_Enabled: 1
  serializedVersion: 2
  m_SmoothSphereCollisions: 1
  m_Convex: 0
  m_Mesh: {fileID: 4300002, guid: 52bd6ed38de9947388a8b569567f876b, type: 3}
--- !u!23 &1936023419
Renderer:
  m_ObjectHideFlags: 0
  m_PrefabParentObject: {fileID: 2300002, guid: 55275d55d3b904062a94edb227e0037f,
    type: 2}
  m_PrefabInternal: {fileID: 53880271}
  m_GameObject: {fileID: 1936023416}
  m_Enabled: 1
  m_CastShadows: 1
  m_ReceiveShadows: 1
  m_LightmapIndex: 255
  m_LightmapTilingOffset: {x: 1, y: 1, z: 0, w: 0}
  m_Materials:
  - {fileID: 2100000, guid: 5504b3f852abd4a9aba674539e4c876e, type: 2}
  m_SubsetIndices: 
  m_StaticBatchRoot: {fileID: 0}
  m_UseLightProbes: 0
  m_LightProbeAnchor: {fileID: 0}
  m_ScaleInLightmap: 1
--- !u!33 &1936023420
MeshFilter:
  m_ObjectHideFlags: 0
  m_PrefabParentObject: {fileID: 3300002, guid: 55275d55d3b904062a94edb227e0037f,
    type: 2}
  m_PrefabInternal: {fileID: 53880271}
  m_GameObject: {fileID: 1936023416}
  m_Mesh: {fileID: 4300002, guid: 52bd6ed38de9947388a8b569567f876b, type: 3}
--- !u!1 &1949166181
GameObject:
  m_ObjectHideFlags: 0
  m_PrefabParentObject: {fileID: 100036, guid: f8eb00a394ccb4c6997d3ed3c38c5d44, type: 2}
  m_PrefabInternal: {fileID: 0}
  serializedVersion: 4
  m_Component:
  - 4: {fileID: 1949166182}
  - 114: {fileID: 1949166183}
  m_Layer: 0
  m_Name: Startup
  m_TagString: Untagged
  m_Icon: {fileID: 0}
  m_NavMeshLayer: 0
  m_StaticEditorFlags: 0
  m_IsActive: 1
--- !u!4 &1949166182
Transform:
  m_ObjectHideFlags: 0
  m_PrefabParentObject: {fileID: 400036, guid: f8eb00a394ccb4c6997d3ed3c38c5d44, type: 2}
  m_PrefabInternal: {fileID: 0}
  m_GameObject: {fileID: 1949166181}
  m_LocalRotation: {x: 0, y: 0, z: 0, w: 1}
  m_LocalPosition: {x: 0, y: 0, z: 0}
  m_LocalScale: {x: 1, y: 1, z: 1}
  m_Children:
  - {fileID: 2009321051}
  - {fileID: 340011351}
  m_Father: {fileID: 127075584}
--- !u!114 &1949166183
MonoBehaviour:
  m_ObjectHideFlags: 0
  m_PrefabParentObject: {fileID: 11400010, guid: f8eb00a394ccb4c6997d3ed3c38c5d44,
    type: 2}
  m_PrefabInternal: {fileID: 0}
  m_GameObject: {fileID: 1949166181}
  m_Enabled: 1
  m_EditorHideFlags: 0
  m_Script: {fileID: 11500000, guid: 7931b9b253e434a9ca9552ce86d14215, type: 3}
  m_Name: 
  prefabDroid: {fileID: 100024, guid: 814b7bb61c62f4c46b0a1be359b5341e, type: 2}
  prefabIOS: {fileID: 100024, guid: fbf16c344d741495c9afdc3fb4ea9fb4, type: 2}
  prefab: {fileID: 100024, guid: 814b7bb61c62f4c46b0a1be359b5341e, type: 2}
--- !u!1 &1978044464
GameObject:
  m_ObjectHideFlags: 0
  m_PrefabParentObject: {fileID: 100008, guid: 821a36a3d4e7a48a2bc880cfd9dd993c, type: 2}
  m_PrefabInternal: {fileID: 0}
  serializedVersion: 4
  m_Component:
  - 4: {fileID: 1978044465}
  - 33: {fileID: 1978044468}
  - 23: {fileID: 1978044467}
  - 64: {fileID: 1978044466}
  m_Layer: 0
  m_Name: tile15_floor
  m_TagString: Untagged
  m_Icon: {fileID: 0}
  m_NavMeshLayer: 0
  m_StaticEditorFlags: 4294967295
  m_IsActive: 1
--- !u!4 &1978044465
Transform:
  m_ObjectHideFlags: 0
  m_PrefabParentObject: {fileID: 400008, guid: 821a36a3d4e7a48a2bc880cfd9dd993c, type: 2}
  m_PrefabInternal: {fileID: 0}
  m_GameObject: {fileID: 1978044464}
  m_LocalRotation: {x: -.707106829, y: 0, z: -0, w: .707106829}
  m_LocalPosition: {x: 0, y: 1, z: -99.236084}
  m_LocalScale: {x: 1, y: 1, z: 1}
  m_Children: []
  m_Father: {fileID: 468682018}
--- !u!64 &1978044466
MeshCollider:
  m_ObjectHideFlags: 0
  m_PrefabParentObject: {fileID: 6400004, guid: 821a36a3d4e7a48a2bc880cfd9dd993c,
    type: 2}
  m_PrefabInternal: {fileID: 0}
  m_GameObject: {fileID: 1978044464}
  m_Material: {fileID: 13400000, guid: 5410a64fad11e8d6d00011d98d76c639, type: 2}
  m_IsTrigger: 0
  m_Enabled: 1
  serializedVersion: 2
  m_SmoothSphereCollisions: 0
  m_Convex: 0
  m_Mesh: {fileID: 4300002, guid: b60ad501690194c7bb050feab29294dc, type: 3}
--- !u!23 &1978044467
Renderer:
  m_ObjectHideFlags: 0
  m_PrefabParentObject: {fileID: 2300004, guid: 821a36a3d4e7a48a2bc880cfd9dd993c,
    type: 2}
  m_PrefabInternal: {fileID: 0}
  m_GameObject: {fileID: 1978044464}
  m_Enabled: 1
  m_CastShadows: 1
  m_ReceiveShadows: 1
  m_LightmapIndex: 255
  m_LightmapTilingOffset: {x: 1, y: 1, z: 0, w: 0}
  m_Materials:
  - {fileID: 2100000, guid: 5504b3f852abd4a9aba674539e4c876e, type: 2}
  m_SubsetIndices: 
  m_StaticBatchRoot: {fileID: 0}
  m_UseLightProbes: 0
  m_LightProbeAnchor: {fileID: 0}
  m_ScaleInLightmap: 1
--- !u!33 &1978044468
MeshFilter:
  m_ObjectHideFlags: 0
  m_PrefabParentObject: {fileID: 3300004, guid: 821a36a3d4e7a48a2bc880cfd9dd993c,
    type: 2}
  m_PrefabInternal: {fileID: 0}
  m_GameObject: {fileID: 1978044464}
  m_Mesh: {fileID: 4300002, guid: b60ad501690194c7bb050feab29294dc, type: 3}
--- !u!1 &2009321050
GameObject:
  m_ObjectHideFlags: 0
  m_PrefabParentObject: {fileID: 100038, guid: f8eb00a394ccb4c6997d3ed3c38c5d44, type: 2}
  m_PrefabInternal: {fileID: 0}
  serializedVersion: 4
  m_Component:
  - 4: {fileID: 2009321051}
  - 20: {fileID: 2009321052}
  - 92: {fileID: 2009321055}
  - 124: {fileID: 2009321056}
  - 81: {fileID: 2009321054}
  - 114: {fileID: 2009321060}
  - 114: {fileID: 2009321059}
  - 114: {fileID: 2009321058}
  - 114: {fileID: 2009321057}
  - 114: {fileID: 2009321061}
  - 45: {fileID: 2009321053}
  m_Layer: 0
  m_Name: Camera
  m_TagString: MainCamera
  m_Icon: {fileID: 0}
  m_NavMeshLayer: 0
  m_StaticEditorFlags: 0
  m_IsActive: 1
--- !u!4 &2009321051
Transform:
  m_ObjectHideFlags: 0
  m_PrefabParentObject: {fileID: 400038, guid: f8eb00a394ccb4c6997d3ed3c38c5d44, type: 2}
  m_PrefabInternal: {fileID: 0}
  m_GameObject: {fileID: 2009321050}
  m_LocalRotation: {x: .29237169, y: 0, z: 0, w: .956304789}
  m_LocalPosition: {x: 147.873917, y: 44, z: -80}
  m_LocalScale: {x: 1, y: 1, z: 1}
  m_Children:
  - {fileID: 1255204957}
  m_Father: {fileID: 1949166182}
--- !u!20 &2009321052
Camera:
  m_ObjectHideFlags: 0
  m_PrefabParentObject: {fileID: 2000004, guid: f8eb00a394ccb4c6997d3ed3c38c5d44,
    type: 2}
  m_PrefabInternal: {fileID: 0}
  m_GameObject: {fileID: 2009321050}
  m_Enabled: 1
  serializedVersion: 2
  m_ClearFlags: 1
  m_BackGroundColor: {r: 1, g: 1, b: 1, a: .0196078438}
  m_NormalizedViewPortRect:
    serializedVersion: 2
    x: 0
    y: 0
    width: 1
    height: 1
  near clip plane: .300000012
  far clip plane: 1000
  field of view: 65
  orthographic: 0
  orthographic size: 100
  m_Depth: -1
  m_CullingMask:
    serializedVersion: 2
    m_Bits: 4294964735
  m_RenderingPath: -1
  m_TargetTexture: {fileID: 0}
  m_HDR: 0
--- !u!45 &2009321053
Skybox:
  m_ObjectHideFlags: 0
  m_PrefabParentObject: {fileID: 4500000, guid: f8eb00a394ccb4c6997d3ed3c38c5d44,
    type: 2}
  m_PrefabInternal: {fileID: 0}
  m_GameObject: {fileID: 2009321050}
  m_Enabled: 1
  m_CustomSkybox: {fileID: 2100000, guid: a2126534b3a11b34e977105bd9e3cc03, type: 2}
--- !u!81 &2009321054
AudioListener:
  m_ObjectHideFlags: 0
  m_PrefabParentObject: {fileID: 8100000, guid: f8eb00a394ccb4c6997d3ed3c38c5d44,
    type: 2}
  m_PrefabInternal: {fileID: 0}
  m_GameObject: {fileID: 2009321050}
  m_Enabled: 1
--- !u!92 &2009321055
Behaviour:
  m_ObjectHideFlags: 0
  m_PrefabParentObject: {fileID: 9200004, guid: f8eb00a394ccb4c6997d3ed3c38c5d44,
    type: 2}
  m_PrefabInternal: {fileID: 0}
  m_GameObject: {fileID: 2009321050}
  m_Enabled: 1
--- !u!124 &2009321056
Behaviour:
  m_ObjectHideFlags: 0
  m_PrefabParentObject: {fileID: 12400000, guid: f8eb00a394ccb4c6997d3ed3c38c5d44,
    type: 2}
  m_PrefabInternal: {fileID: 0}
  m_GameObject: {fileID: 2009321050}
  m_Enabled: 1
--- !u!114 &2009321057
MonoBehaviour:
  m_ObjectHideFlags: 0
  m_PrefabParentObject: {fileID: 11400012, guid: f8eb00a394ccb4c6997d3ed3c38c5d44,
    type: 2}
  m_PrefabInternal: {fileID: 0}
  m_GameObject: {fileID: 2009321050}
  m_Enabled: 1
  m_EditorHideFlags: 0
  m_Script: {fileID: 11500000, guid: 3429607681839490d94b1b0072fb039c, type: 3}
  m_Name: 
  spinSpeed: 10
  cameraOffset: {x: 30, y: 30, z: 30}
  m_on: 0
--- !u!114 &2009321058
MonoBehaviour:
  m_ObjectHideFlags: 0
  m_PrefabParentObject: {fileID: 11400014, guid: f8eb00a394ccb4c6997d3ed3c38c5d44,
    type: 2}
  m_PrefabInternal: {fileID: 0}
  m_GameObject: {fileID: 2009321050}
  m_Enabled: 1
  m_EditorHideFlags: 0
  m_Script: {fileID: 11500000, guid: 19ecd15cbe3114b45b21cf37f1d54290, type: 3}
  m_Name: 
  m_on: 0
  lookSlerp: .5
  zOffset: 5
  yOffset: 2
--- !u!114 &2009321059
MonoBehaviour:
  m_ObjectHideFlags: 0
  m_PrefabParentObject: {fileID: 11400016, guid: f8eb00a394ccb4c6997d3ed3c38c5d44,
    type: 2}
  m_PrefabInternal: {fileID: 0}
  m_GameObject: {fileID: 2009321050}
  m_Enabled: 1
  m_EditorHideFlags: 0
  m_Script: {fileID: 11500000, guid: 5f0c0d0b8b4ca45e2bf48214d3ed3d29, type: 3}
  m_Name: 
  cameraOffset: {x: 0, y: 4, z: -4}
  targetOffset: {x: 0, y: 2, z: 2}
  m_on: 0
  rotateTowardsTime: .5
  alphaColor: .5
--- !u!114 &2009321060
MonoBehaviour:
  m_ObjectHideFlags: 0
  m_PrefabParentObject: {fileID: 11400018, guid: f8eb00a394ccb4c6997d3ed3c38c5d44,
    type: 2}
  m_PrefabInternal: {fileID: 0}
  m_GameObject: {fileID: 2009321050}
  m_Enabled: 1
  m_EditorHideFlags: 0
  m_Script: {fileID: 11500000, guid: 2b12effd7f283434898573913b9765df, type: 3}
  m_Name: 
  spinSpeed: 30
  cameraOffset: {x: 20, y: 20, z: 20}
  m_on: 1
--- !u!114 &2009321061
MonoBehaviour:
  m_ObjectHideFlags: 0
  m_PrefabParentObject: {fileID: 11400020, guid: f8eb00a394ccb4c6997d3ed3c38c5d44,
    type: 2}
  m_PrefabInternal: {fileID: 0}
  m_GameObject: {fileID: 2009321050}
  m_Enabled: 1
  m_EditorHideFlags: 0
  m_Script: {fileID: 11500000, guid: ac58c9593ec1c4012bc3993f069b68c0, type: 3}
  m_Name: 
  m_on: 0
  rotateTowardsTime: .5
  cameraOffset: {x: 0, y: 55, z: .100000001}
--- !u!1 &2009720399
GameObject:
  m_ObjectHideFlags: 0
  m_PrefabParentObject: {fileID: 100008, guid: e3f9169ad875c400aaa286dd9ceb48d4, type: 2}
  m_PrefabInternal: {fileID: 1352870523}
  serializedVersion: 4
  m_Component:
  - 4: {fileID: 2009720400}
  m_Layer: 0
  m_Name: GameObject
  m_TagString: Hole
  m_Icon: {fileID: 0}
  m_NavMeshLayer: 0
  m_StaticEditorFlags: 4294967295
  m_IsActive: 1
--- !u!4 &2009720400
Transform:
  m_ObjectHideFlags: 0
  m_PrefabParentObject: {fileID: 400008, guid: e3f9169ad875c400aaa286dd9ceb48d4, type: 2}
  m_PrefabInternal: {fileID: 1352870523}
  m_GameObject: {fileID: 2009720399}
  m_LocalRotation: {x: .707106829, y: 0, z: 0, w: .707106829}
  m_LocalPosition: {x: -.0320702791, y: 16.5646458, z: 59.8773918}
  m_LocalScale: {x: 10, y: 10, z: 10}
  m_Children: []
  m_Father: {fileID: 960317031}
--- !u!1 &2016165077
GameObject:
  m_ObjectHideFlags: 0
  m_PrefabParentObject: {fileID: 100002, guid: 4dbc25e9a47ce4526942367cd99d2acc, type: 2}
  m_PrefabInternal: {fileID: 1167701410}
  serializedVersion: 4
  m_Component:
  - 4: {fileID: 2016165078}
  - 33: {fileID: 2016165081}
  - 23: {fileID: 2016165080}
  - 64: {fileID: 2016165079}
  m_Layer: 0
  m_Name: tile04_floor
  m_TagString: Untagged
  m_Icon: {fileID: 0}
  m_NavMeshLayer: 0
  m_StaticEditorFlags: 4294967295
  m_IsActive: 1
--- !u!4 &2016165078
Transform:
  m_ObjectHideFlags: 0
  m_PrefabParentObject: {fileID: 400002, guid: 4dbc25e9a47ce4526942367cd99d2acc, type: 2}
  m_PrefabInternal: {fileID: 1167701410}
  m_GameObject: {fileID: 2016165077}
  m_LocalRotation: {x: -.707106829, y: 0, z: -0, w: .707106829}
  m_LocalPosition: {x: 0, y: 1, z: -99.236084}
  m_LocalScale: {x: 1, y: 1, z: 1}
  m_Children: []
  m_Father: {fileID: 239623617}
--- !u!64 &2016165079
MeshCollider:
  m_ObjectHideFlags: 0
  m_PrefabParentObject: {fileID: 6400002, guid: 4dbc25e9a47ce4526942367cd99d2acc,
    type: 2}
  m_PrefabInternal: {fileID: 1167701410}
  m_GameObject: {fileID: 2016165077}
  m_Material: {fileID: 13400000, guid: 5410a64fad11e8d6d00011d98d76c639, type: 2}
  m_IsTrigger: 0
  m_Enabled: 1
  serializedVersion: 2
  m_SmoothSphereCollisions: 1
  m_Convex: 0
  m_Mesh: {fileID: 4300002, guid: 642ec847cf7074ffd9840f54d8bc782a, type: 3}
--- !u!23 &2016165080
Renderer:
  m_ObjectHideFlags: 0
  m_PrefabParentObject: {fileID: 2300002, guid: 4dbc25e9a47ce4526942367cd99d2acc,
    type: 2}
  m_PrefabInternal: {fileID: 1167701410}
  m_GameObject: {fileID: 2016165077}
  m_Enabled: 1
  m_CastShadows: 1
  m_ReceiveShadows: 1
  m_LightmapIndex: 255
  m_LightmapTilingOffset: {x: 1, y: 1, z: 0, w: 0}
  m_Materials:
  - {fileID: 2100000, guid: 5504b3f852abd4a9aba674539e4c876e, type: 2}
  m_SubsetIndices: 
  m_StaticBatchRoot: {fileID: 0}
  m_UseLightProbes: 0
  m_LightProbeAnchor: {fileID: 0}
  m_ScaleInLightmap: 1
--- !u!33 &2016165081
MeshFilter:
  m_ObjectHideFlags: 0
  m_PrefabParentObject: {fileID: 3300002, guid: 4dbc25e9a47ce4526942367cd99d2acc,
    type: 2}
  m_PrefabInternal: {fileID: 1167701410}
  m_GameObject: {fileID: 2016165077}
  m_Mesh: {fileID: 4300002, guid: 642ec847cf7074ffd9840f54d8bc782a, type: 3}
--- !u!1 &2023332610
GameObject:
  m_ObjectHideFlags: 0
  m_PrefabParentObject: {fileID: 100040, guid: f8eb00a394ccb4c6997d3ed3c38c5d44, type: 2}
  m_PrefabInternal: {fileID: 0}
  serializedVersion: 4
  m_Component:
  - 4: {fileID: 2023332611}
  - 114: {fileID: 2023332612}
  m_Layer: 0
  m_Name: GameObject
  m_TagString: Untagged
  m_Icon: {fileID: 0}
  m_NavMeshLayer: 0
  m_StaticEditorFlags: 0
  m_IsActive: 1
--- !u!4 &2023332611
Transform:
  m_ObjectHideFlags: 0
  m_PrefabParentObject: {fileID: 400040, guid: f8eb00a394ccb4c6997d3ed3c38c5d44, type: 2}
  m_PrefabInternal: {fileID: 0}
  m_GameObject: {fileID: 2023332610}
  m_LocalRotation: {x: 0, y: 0, z: 0, w: 1}
  m_LocalPosition: {x: -.320649862, y: 0, z: 1.97733879}
  m_LocalScale: {x: 1, y: 1, z: 1}
  m_Children: []
  m_Father: {fileID: 127075584}
--- !u!114 &2023332612
MonoBehaviour:
  m_ObjectHideFlags: 0
  m_PrefabParentObject: {fileID: 11400022, guid: f8eb00a394ccb4c6997d3ed3c38c5d44,
    type: 2}
  m_PrefabInternal: {fileID: 0}
  m_GameObject: {fileID: 2023332610}
  m_Enabled: 1
  m_EditorHideFlags: 0
  m_Script: {fileID: 11500000, guid: fe243ea428d1d4326a6be04e96822218, type: 3}
  m_Name: 
  par: 2
--- !u!1 &2026422212
GameObject:
  m_ObjectHideFlags: 0
  m_PrefabParentObject: {fileID: 100004, guid: 821a36a3d4e7a48a2bc880cfd9dd993c, type: 2}
  m_PrefabInternal: {fileID: 0}
  serializedVersion: 4
  m_Component:
  - 4: {fileID: 2026422213}
  - 95: {fileID: 2026422214}
  m_Layer: 0
  m_Name: tile22
  m_TagString: Untagged
  m_Icon: {fileID: 0}
  m_NavMeshLayer: 0
  m_StaticEditorFlags: 4294967295
  m_IsActive: 1
--- !u!4 &2026422213
Transform:
  m_ObjectHideFlags: 0
  m_PrefabParentObject: {fileID: 400004, guid: 821a36a3d4e7a48a2bc880cfd9dd993c, type: 2}
  m_PrefabInternal: {fileID: 0}
  m_GameObject: {fileID: 2026422212}
  m_LocalRotation: {x: 0, y: 0, z: 0, w: 1}
  m_LocalPosition: {x: -12.6328487, y: 4.39999866, z: 23.3370228}
  m_LocalScale: {x: .100000001, y: .100000001, z: .100000001}
  m_Children:
  - {fileID: 1406891116}
  m_Father: {fileID: 866432314}
--- !u!95 &2026422214
Animator:
  m_ObjectHideFlags: 0
  m_PrefabParentObject: {fileID: 9500000, guid: 821a36a3d4e7a48a2bc880cfd9dd993c,
    type: 2}
  m_PrefabInternal: {fileID: 0}
  m_GameObject: {fileID: 2026422212}
  m_Enabled: 1
  m_Avatar: {fileID: 9000000, guid: 8c8fd7967377245e2aa2cc4a4158dfb1, type: 3}
  m_Controller: {fileID: 0}
  m_CullingMode: 1
  m_ApplyRootMotion: 1
  m_AnimatePhysics: 0
