%YAML 1.1
%TAG !u! tag:unity3d.com,2011:
--- !u!29 &1
SceneSettings:
  m_ObjectHideFlags: 0
  m_PVSData: 
  m_PVSObjectsArray: []
  m_PVSPortalsArray: []
  m_OcclusionBakeSettings:
    smallestOccluder: 5
    smallestHole: 0.25
    backfaceThreshold: 100
--- !u!104 &2
RenderSettings:
  m_ObjectHideFlags: 0
  serializedVersion: 6
  m_Fog: 0
  m_FogColor: {r: 0.5, g: 0.5, b: 0.5, a: 1}
  m_FogMode: 3
  m_FogDensity: 0.01
  m_LinearFogStart: 0
  m_LinearFogEnd: 300
  m_AmbientSkyColor: {r: 0.2, g: 0.2, b: 0.2, a: 1}
  m_AmbientEquatorColor: {r: 0.2, g: 0.2, b: 0.2, a: 1}
  m_AmbientGroundColor: {r: 0.2, g: 0.2, b: 0.2, a: 1}
  m_AmbientIntensity: 1
  m_AmbientMode: 3
  m_SkyboxMaterial: {fileID: 2100000, guid: 717bd122515ce89499c2f196640de62a, type: 2}
  m_HaloStrength: 0.5
  m_FlareStrength: 1
  m_FlareFadeSpeed: 3
  m_HaloTexture: {fileID: 0}
  m_SpotCookie: {fileID: 10001, guid: 0000000000000000e000000000000000, type: 0}
  m_DefaultReflectionMode: 0
  m_DefaultReflectionResolution: 128
  m_ReflectionBounces: 1
  m_ReflectionIntensity: 1
  m_CustomReflection: {fileID: 0}
  m_Sun: {fileID: 0}
--- !u!157 &4
LightmapSettings:
  m_ObjectHideFlags: 0
  serializedVersion: 6
  m_GIWorkflowMode: 1
  m_LightmapsMode: 1
  m_GISettings:
    serializedVersion: 2
    m_BounceScale: 1
    m_IndirectOutputScale: 1
    m_AlbedoBoost: 1
    m_TemporalCoherenceThreshold: 1
    m_EnvironmentLightingMode: 0
    m_EnableBakedLightmaps: 1
    m_EnableRealtimeLightmaps: 0
  m_LightmapEditorSettings:
    serializedVersion: 3
    m_Resolution: 1
    m_BakeResolution: 50
    m_TextureWidth: 1024
    m_TextureHeight: 1024
    m_AOMaxDistance: 1
    m_Padding: 2
    m_CompAOExponent: 0
    m_LightmapParameters: {fileID: 0}
    m_TextureCompression: 0
    m_FinalGather: 0
    m_FinalGatherRayCount: 1024
    m_ReflectionCompression: 2
  m_LightingDataAsset: {fileID: 0}
  m_RuntimeCPUUsage: 25
--- !u!196 &5
NavMeshSettings:
  serializedVersion: 2
  m_ObjectHideFlags: 0
  m_BuildSettings:
    serializedVersion: 2
    agentRadius: 0.5
    agentHeight: 2
    agentSlope: 45
    agentClimb: 0.4
    ledgeDropHeight: 0
    maxJumpAcrossDistance: 0
    accuratePlacement: 0
    minRegionArea: 2
    cellSize: 0.16666666
    manualCellSize: 0
  m_NavMeshData: {fileID: 0}
--- !u!1 &38326313
GameObject:
  m_ObjectHideFlags: 0
  m_PrefabParentObject: {fileID: 100040, guid: f8eb00a394ccb4c6997d3ed3c38c5d44, type: 2}
  m_PrefabInternal: {fileID: 0}
  serializedVersion: 4
  m_Component:
  - 4: {fileID: 38326314}
  - 114: {fileID: 38326315}
  m_Layer: 0
  m_Name: GameObject
  m_TagString: Untagged
  m_Icon: {fileID: 0}
  m_NavMeshLayer: 0
  m_StaticEditorFlags: 0
  m_IsActive: 1
--- !u!4 &38326314
Transform:
  m_ObjectHideFlags: 0
  m_PrefabParentObject: {fileID: 400040, guid: f8eb00a394ccb4c6997d3ed3c38c5d44, type: 2}
  m_PrefabInternal: {fileID: 0}
  m_GameObject: {fileID: 38326313}
  m_LocalRotation: {x: 0, y: 0, z: 0, w: 1}
  m_LocalPosition: {x: -0.32064986, y: 0, z: 1.9773388}
  m_LocalScale: {x: 1, y: 1, z: 1}
  m_Children: []
  m_Father: {fileID: 1462733567}
  m_RootOrder: 0
--- !u!114 &38326315
MonoBehaviour:
  m_ObjectHideFlags: 0
  m_PrefabParentObject: {fileID: 11400022, guid: f8eb00a394ccb4c6997d3ed3c38c5d44,
    type: 2}
  m_PrefabInternal: {fileID: 0}
  m_GameObject: {fileID: 38326313}
  m_Enabled: 1
  m_EditorHideFlags: 0
  m_Script: {fileID: 11500000, guid: fe243ea428d1d4326a6be04e96822218, type: 3}
  m_Name: 
  m_EditorClassIdentifier: 
  par: 2
--- !u!1 &45147426
GameObject:
  m_ObjectHideFlags: 0
  m_PrefabParentObject: {fileID: 100016, guid: f8eb00a394ccb4c6997d3ed3c38c5d44, type: 2}
  m_PrefabInternal: {fileID: 0}
  serializedVersion: 4
  m_Component:
  - 4: {fileID: 45147427}
  - 20: {fileID: 45147429}
  - 92: {fileID: 45147428}
  m_Layer: 0
  m_Name: GUICamera
  m_TagString: Untagged
  m_Icon: {fileID: 0}
  m_NavMeshLayer: 0
  m_StaticEditorFlags: 0
  m_IsActive: 1
--- !u!4 &45147427
Transform:
  m_ObjectHideFlags: 0
  m_PrefabParentObject: {fileID: 400016, guid: f8eb00a394ccb4c6997d3ed3c38c5d44, type: 2}
  m_PrefabInternal: {fileID: 0}
  m_GameObject: {fileID: 45147426}
  m_LocalRotation: {x: 0, y: 0, z: 0, w: 1}
  m_LocalPosition: {x: 0, y: 0, z: 0}
  m_LocalScale: {x: 1, y: 1, z: 1}
  m_Children: []
  m_Father: {fileID: 958412534}
  m_RootOrder: 1
--- !u!92 &45147428
Behaviour:
  m_ObjectHideFlags: 0
  m_PrefabParentObject: {fileID: 9200000, guid: f8eb00a394ccb4c6997d3ed3c38c5d44,
    type: 2}
  m_PrefabInternal: {fileID: 0}
  m_GameObject: {fileID: 45147426}
  m_Enabled: 1
--- !u!20 &45147429
Camera:
  m_ObjectHideFlags: 0
  m_PrefabParentObject: {fileID: 2000000, guid: f8eb00a394ccb4c6997d3ed3c38c5d44,
    type: 2}
  m_PrefabInternal: {fileID: 0}
  m_GameObject: {fileID: 45147426}
  m_Enabled: 1
  serializedVersion: 2
  m_ClearFlags: 3
  m_BackGroundColor: {r: 1, g: 1, b: 0.4745098, a: 0.019607844}
  m_NormalizedViewPortRect:
    serializedVersion: 2
    x: 0
    y: 0
    width: 1
    height: 1
  near clip plane: 0.3
  far clip plane: 1000
  field of view: 65
  orthographic: 1
  orthographic size: 100
  m_Depth: 2
  m_CullingMask:
    serializedVersion: 2
    m_Bits: 2048
  m_RenderingPath: -1
  m_TargetTexture: {fileID: 0}
  m_TargetDisplay: 0
  m_TargetEye: 3
  m_HDR: 0
  m_OcclusionCulling: 1
  m_StereoConvergence: 10
  m_StereoSeparation: 0.022
  m_StereoMirrorMode: 0
--- !u!1 &75154505
GameObject:
  m_ObjectHideFlags: 0
  m_PrefabParentObject: {fileID: 0}
  m_PrefabInternal: {fileID: 0}
  serializedVersion: 4
  m_Component:
  - 4: {fileID: 75154506}
  m_Layer: 0
  m_Name: World
  m_TagString: Untagged
  m_Icon: {fileID: 0}
  m_NavMeshLayer: 0
  m_StaticEditorFlags: 0
  m_IsActive: 1
--- !u!4 &75154506
Transform:
  m_ObjectHideFlags: 0
  m_PrefabParentObject: {fileID: 0}
  m_PrefabInternal: {fileID: 0}
  m_GameObject: {fileID: 75154505}
  m_LocalRotation: {x: 0, y: 0, z: 0, w: 1}
  m_LocalPosition: {x: 0, y: 0, z: 0}
  m_LocalScale: {x: 1, y: 1, z: 1}
  m_Children:
  - {fileID: 304806581}
  - {fileID: 1284875528}
  - {fileID: 1945556049}
  - {fileID: 1663500748}
  - {fileID: 623732676}
  - {fileID: 1218876338}
  - {fileID: 439307889}
  - {fileID: 1453828417}
  - {fileID: 480817809}
  - {fileID: 1462733567}
  m_Father: {fileID: 0}
  m_RootOrder: 1
--- !u!1 &198516459
GameObject:
  m_ObjectHideFlags: 0
  m_PrefabParentObject: {fileID: 100038, guid: f8eb00a394ccb4c6997d3ed3c38c5d44, type: 2}
  m_PrefabInternal: {fileID: 0}
  serializedVersion: 4
  m_Component:
  - 4: {fileID: 198516460}
  - 20: {fileID: 198516470}
  - 92: {fileID: 198516469}
  - 124: {fileID: 198516468}
  - 81: {fileID: 198516467}
  - 114: {fileID: 198516466}
  - 114: {fileID: 198516465}
  - 114: {fileID: 198516464}
  - 114: {fileID: 198516463}
  - 114: {fileID: 198516462}
  - 45: {fileID: 198516461}
  m_Layer: 0
  m_Name: Camera
  m_TagString: MainCamera
  m_Icon: {fileID: 0}
  m_NavMeshLayer: 0
  m_StaticEditorFlags: 0
  m_IsActive: 1
--- !u!4 &198516460
Transform:
  m_ObjectHideFlags: 0
  m_PrefabParentObject: {fileID: 400038, guid: f8eb00a394ccb4c6997d3ed3c38c5d44, type: 2}
  m_PrefabInternal: {fileID: 0}
  m_GameObject: {fileID: 198516459}
  m_LocalRotation: {x: 0.2923717, y: 0, z: 0, w: 0.9563048}
  m_LocalPosition: {x: 147.87392, y: 44, z: -80}
  m_LocalScale: {x: 1, y: 1, z: 1}
  m_Children:
  - {fileID: 1950030626}
  m_Father: {fileID: 958412534}
  m_RootOrder: 0
--- !u!45 &198516461
Skybox:
  m_ObjectHideFlags: 0
  m_PrefabParentObject: {fileID: 4500000, guid: f8eb00a394ccb4c6997d3ed3c38c5d44,
    type: 2}
  m_PrefabInternal: {fileID: 0}
  m_GameObject: {fileID: 198516459}
  m_Enabled: 0
  m_CustomSkybox: {fileID: 2100000, guid: a2126534b3a11b34e977105bd9e3cc03, type: 2}
--- !u!114 &198516462
MonoBehaviour:
  m_ObjectHideFlags: 0
  m_PrefabParentObject: {fileID: 11400020, guid: f8eb00a394ccb4c6997d3ed3c38c5d44,
    type: 2}
  m_PrefabInternal: {fileID: 0}
  m_GameObject: {fileID: 198516459}
  m_Enabled: 1
  m_EditorHideFlags: 0
  m_Script: {fileID: 11500000, guid: ac58c9593ec1c4012bc3993f069b68c0, type: 3}
  m_Name: 
  m_EditorClassIdentifier: 
  m_on: 0
  rotateTowardsTime: 0.5
  cameraOffset: {x: 0, y: 55, z: 0.1}
--- !u!114 &198516463
MonoBehaviour:
  m_ObjectHideFlags: 0
  m_PrefabParentObject: {fileID: 11400012, guid: f8eb00a394ccb4c6997d3ed3c38c5d44,
    type: 2}
  m_PrefabInternal: {fileID: 0}
  m_GameObject: {fileID: 198516459}
  m_Enabled: 1
  m_EditorHideFlags: 0
  m_Script: {fileID: 11500000, guid: 3429607681839490d94b1b0072fb039c, type: 3}
  m_Name: 
  m_EditorClassIdentifier: 
  spinSpeed: 10
  cameraOffset: {x: 30, y: 30, z: 30}
  m_on: 0
--- !u!114 &198516464
MonoBehaviour:
  m_ObjectHideFlags: 0
  m_PrefabParentObject: {fileID: 11400014, guid: f8eb00a394ccb4c6997d3ed3c38c5d44,
    type: 2}
  m_PrefabInternal: {fileID: 0}
  m_GameObject: {fileID: 198516459}
  m_Enabled: 1
  m_EditorHideFlags: 0
  m_Script: {fileID: 11500000, guid: 19ecd15cbe3114b45b21cf37f1d54290, type: 3}
  m_Name: 
  m_EditorClassIdentifier: 
  m_on: 0
  lookSlerp: 0.5
  zOffset: 5
  yOffset: 2
--- !u!114 &198516465
MonoBehaviour:
  m_ObjectHideFlags: 0
  m_PrefabParentObject: {fileID: 11400016, guid: f8eb00a394ccb4c6997d3ed3c38c5d44,
    type: 2}
  m_PrefabInternal: {fileID: 0}
  m_GameObject: {fileID: 198516459}
  m_Enabled: 1
  m_EditorHideFlags: 0
  m_Script: {fileID: 11500000, guid: 5f0c0d0b8b4ca45e2bf48214d3ed3d29, type: 3}
  m_Name: 
  m_EditorClassIdentifier: 
  cameraOffset: {x: 0, y: 4, z: -4}
  targetOffset: {x: 0, y: 2, z: 2}
  m_on: 0
  rotateTowardsTime: 0.5
  alphaColor: 0.5
--- !u!114 &198516466
MonoBehaviour:
  m_ObjectHideFlags: 0
  m_PrefabParentObject: {fileID: 11400018, guid: f8eb00a394ccb4c6997d3ed3c38c5d44,
    type: 2}
  m_PrefabInternal: {fileID: 0}
  m_GameObject: {fileID: 198516459}
  m_Enabled: 1
  m_EditorHideFlags: 0
  m_Script: {fileID: 11500000, guid: 2b12effd7f283434898573913b9765df, type: 3}
  m_Name: 
  m_EditorClassIdentifier: 
  spinSpeed: 30
  cameraOffset: {x: 20, y: 20, z: 20}
  m_on: 1
--- !u!81 &198516467
AudioListener:
  m_ObjectHideFlags: 0
  m_PrefabParentObject: {fileID: 8100000, guid: f8eb00a394ccb4c6997d3ed3c38c5d44,
    type: 2}
  m_PrefabInternal: {fileID: 0}
  m_GameObject: {fileID: 198516459}
  m_Enabled: 1
--- !u!124 &198516468
Behaviour:
  m_ObjectHideFlags: 0
  m_PrefabParentObject: {fileID: 12400000, guid: f8eb00a394ccb4c6997d3ed3c38c5d44,
    type: 2}
  m_PrefabInternal: {fileID: 0}
  m_GameObject: {fileID: 198516459}
  m_Enabled: 1
--- !u!92 &198516469
Behaviour:
  m_ObjectHideFlags: 0
  m_PrefabParentObject: {fileID: 9200004, guid: f8eb00a394ccb4c6997d3ed3c38c5d44,
    type: 2}
  m_PrefabInternal: {fileID: 0}
  m_GameObject: {fileID: 198516459}
  m_Enabled: 1
--- !u!20 &198516470
Camera:
  m_ObjectHideFlags: 0
  m_PrefabParentObject: {fileID: 2000004, guid: f8eb00a394ccb4c6997d3ed3c38c5d44,
    type: 2}
  m_PrefabInternal: {fileID: 0}
  m_GameObject: {fileID: 198516459}
  m_Enabled: 1
  serializedVersion: 2
  m_ClearFlags: 1
  m_BackGroundColor: {r: 1, g: 1, b: 1, a: 0.019607844}
  m_NormalizedViewPortRect:
    serializedVersion: 2
    x: 0
    y: 0
    width: 1
    height: 1
  near clip plane: 0.3
  far clip plane: 1000
  field of view: 65
  orthographic: 0
  orthographic size: 100
  m_Depth: -1
  m_CullingMask:
    serializedVersion: 2
    m_Bits: 4294964735
  m_RenderingPath: -1
  m_TargetTexture: {fileID: 0}
  m_TargetDisplay: 0
  m_TargetEye: 3
  m_HDR: 0
  m_OcclusionCulling: 1
  m_StereoConvergence: 10
  m_StereoSeparation: 0.022
  m_StereoMirrorMode: 0
--- !u!1 &304806580
GameObject:
  m_ObjectHideFlags: 0
  m_PrefabParentObject: {fileID: 0}
  m_PrefabInternal: {fileID: 0}
  serializedVersion: 4
  m_Component:
  - 4: {fileID: 304806581}
  m_Layer: 0
  m_Name: Tiles
  m_TagString: Untagged
  m_Icon: {fileID: 0}
  m_NavMeshLayer: 0
  m_StaticEditorFlags: 4294967295
  m_IsActive: 1
--- !u!4 &304806581
Transform:
  m_ObjectHideFlags: 0
  m_PrefabParentObject: {fileID: 0}
  m_PrefabInternal: {fileID: 0}
  m_GameObject: {fileID: 304806580}
  m_LocalRotation: {x: 0, y: 0, z: 0, w: 1}
  m_LocalPosition: {x: 0, y: 0, z: -7.7}
  m_LocalScale: {x: 0.1, y: 0.1, z: 0.1}
  m_Children:
  - {fileID: 2128550027}
  - {fileID: 518228457}
  - {fileID: 1293160018}
  m_Father: {fileID: 75154506}
  m_RootOrder: 0
--- !u!1 &314474527
GameObject:
  m_ObjectHideFlags: 0
  m_PrefabParentObject: {fileID: 100038, guid: f8eb00a394ccb4c6997d3ed3c38c5d44, type: 2}
  m_PrefabInternal: {fileID: 0}
  serializedVersion: 4
  m_Component:
  - 4: {fileID: 314474528}
  - 20: {fileID: 314474538}
  - 92: {fileID: 314474537}
  - 124: {fileID: 314474536}
  - 81: {fileID: 314474535}
  - 114: {fileID: 314474534}
  - 114: {fileID: 314474533}
  - 114: {fileID: 314474532}
  - 114: {fileID: 314474531}
  - 114: {fileID: 314474530}
  - 45: {fileID: 314474529}
  m_Layer: 0
  m_Name: Camera
  m_TagString: MainCamera
  m_Icon: {fileID: 0}
  m_NavMeshLayer: 0
  m_StaticEditorFlags: 0
  m_IsActive: 1
--- !u!4 &314474528
Transform:
  m_ObjectHideFlags: 0
  m_PrefabParentObject: {fileID: 400038, guid: f8eb00a394ccb4c6997d3ed3c38c5d44, type: 2}
  m_PrefabInternal: {fileID: 0}
  m_GameObject: {fileID: 314474527}
  m_LocalRotation: {x: 0.2923717, y: 0, z: 0, w: 0.9563048}
  m_LocalPosition: {x: 147.87392, y: 44, z: -80}
  m_LocalScale: {x: 1, y: 1, z: 1}
  m_Children:
  - {fileID: 2114973899}
  m_Father: {fileID: 1459894183}
  m_RootOrder: 0
--- !u!45 &314474529
Skybox:
  m_ObjectHideFlags: 0
  m_PrefabParentObject: {fileID: 4500000, guid: f8eb00a394ccb4c6997d3ed3c38c5d44,
    type: 2}
  m_PrefabInternal: {fileID: 0}
  m_GameObject: {fileID: 314474527}
  m_Enabled: 0
  m_CustomSkybox: {fileID: 2100000, guid: a2126534b3a11b34e977105bd9e3cc03, type: 2}
--- !u!114 &314474530
MonoBehaviour:
  m_ObjectHideFlags: 0
  m_PrefabParentObject: {fileID: 11400020, guid: f8eb00a394ccb4c6997d3ed3c38c5d44,
    type: 2}
  m_PrefabInternal: {fileID: 0}
  m_GameObject: {fileID: 314474527}
  m_Enabled: 1
  m_EditorHideFlags: 0
  m_Script: {fileID: 11500000, guid: ac58c9593ec1c4012bc3993f069b68c0, type: 3}
  m_Name: 
  m_EditorClassIdentifier: 
  m_on: 0
  rotateTowardsTime: 1
  cameraOffset: {x: 0, y: 45, z: 0}
--- !u!114 &314474531
MonoBehaviour:
  m_ObjectHideFlags: 0
  m_PrefabParentObject: {fileID: 11400012, guid: f8eb00a394ccb4c6997d3ed3c38c5d44,
    type: 2}
  m_PrefabInternal: {fileID: 0}
  m_GameObject: {fileID: 314474527}
  m_Enabled: 1
  m_EditorHideFlags: 0
  m_Script: {fileID: 11500000, guid: 3429607681839490d94b1b0072fb039c, type: 3}
  m_Name: 
  m_EditorClassIdentifier: 
  spinSpeed: 10
  cameraOffset: {x: 30, y: 30, z: 30}
  m_on: 0
--- !u!114 &314474532
MonoBehaviour:
  m_ObjectHideFlags: 0
  m_PrefabParentObject: {fileID: 11400014, guid: f8eb00a394ccb4c6997d3ed3c38c5d44,
    type: 2}
  m_PrefabInternal: {fileID: 0}
  m_GameObject: {fileID: 314474527}
  m_Enabled: 1
  m_EditorHideFlags: 0
  m_Script: {fileID: 11500000, guid: 19ecd15cbe3114b45b21cf37f1d54290, type: 3}
  m_Name: 
  m_EditorClassIdentifier: 
  m_on: 0
  lookSlerp: 5
  zOffset: 5
  yOffset: 2
--- !u!114 &314474533
MonoBehaviour:
  m_ObjectHideFlags: 0
  m_PrefabParentObject: {fileID: 11400016, guid: f8eb00a394ccb4c6997d3ed3c38c5d44,
    type: 2}
  m_PrefabInternal: {fileID: 0}
  m_GameObject: {fileID: 314474527}
  m_Enabled: 1
  m_EditorHideFlags: 0
  m_Script: {fileID: 11500000, guid: 5f0c0d0b8b4ca45e2bf48214d3ed3d29, type: 3}
  m_Name: 
  m_EditorClassIdentifier: 
  cameraOffset: {x: 4, y: 4, z: 0}
  targetOffset: {x: -2, y: 2, z: 0}
  m_on: 0
  rotateTowardsTime: 1
  alphaColor: 0.3
--- !u!114 &314474534
MonoBehaviour:
  m_ObjectHideFlags: 0
  m_PrefabParentObject: {fileID: 11400018, guid: f8eb00a394ccb4c6997d3ed3c38c5d44,
    type: 2}
  m_PrefabInternal: {fileID: 0}
  m_GameObject: {fileID: 314474527}
  m_Enabled: 1
  m_EditorHideFlags: 0
  m_Script: {fileID: 11500000, guid: 2b12effd7f283434898573913b9765df, type: 3}
  m_Name: 
  m_EditorClassIdentifier: 
  spinSpeed: 10
  cameraOffset: {x: 30, y: 30, z: 30}
  m_on: 0
--- !u!81 &314474535
AudioListener:
  m_ObjectHideFlags: 0
  m_PrefabParentObject: {fileID: 8100000, guid: f8eb00a394ccb4c6997d3ed3c38c5d44,
    type: 2}
  m_PrefabInternal: {fileID: 0}
  m_GameObject: {fileID: 314474527}
  m_Enabled: 1
--- !u!124 &314474536
Behaviour:
  m_ObjectHideFlags: 0
  m_PrefabParentObject: {fileID: 12400000, guid: f8eb00a394ccb4c6997d3ed3c38c5d44,
    type: 2}
  m_PrefabInternal: {fileID: 0}
  m_GameObject: {fileID: 314474527}
  m_Enabled: 1
--- !u!92 &314474537
Behaviour:
  m_ObjectHideFlags: 0
  m_PrefabParentObject: {fileID: 9200004, guid: f8eb00a394ccb4c6997d3ed3c38c5d44,
    type: 2}
  m_PrefabInternal: {fileID: 0}
  m_GameObject: {fileID: 314474527}
  m_Enabled: 1
--- !u!20 &314474538
Camera:
  m_ObjectHideFlags: 0
  m_PrefabParentObject: {fileID: 2000004, guid: f8eb00a394ccb4c6997d3ed3c38c5d44,
    type: 2}
  m_PrefabInternal: {fileID: 0}
  m_GameObject: {fileID: 314474527}
  m_Enabled: 1
  serializedVersion: 2
  m_ClearFlags: 1
  m_BackGroundColor: {r: 1, g: 1, b: 1, a: 0.019607844}
  m_NormalizedViewPortRect:
    serializedVersion: 2
    x: 0
    y: 0
    width: 1
    height: 1
  near clip plane: 0.3
  far clip plane: 1000
  field of view: 65
  orthographic: 0
  orthographic size: 100
  m_Depth: -1
  m_CullingMask:
    serializedVersion: 2
    m_Bits: 4294964735
  m_RenderingPath: -1
  m_TargetTexture: {fileID: 0}
  m_TargetDisplay: 0
  m_TargetEye: 3
  m_HDR: 0
  m_OcclusionCulling: 1
  m_StereoConvergence: 10
  m_StereoSeparation: 0.022
  m_StereoMirrorMode: 0
--- !u!1 &348190055
GameObject:
  m_ObjectHideFlags: 0
  m_PrefabParentObject: {fileID: 100000, guid: 6d594cf13c24248169045688348f08a2, type: 2}
  m_PrefabInternal: {fileID: 0}
  serializedVersion: 4
  m_Component:
  - 4: {fileID: 348190056}
  - 33: {fileID: 348190063}
  - 23: {fileID: 348190062}
  - 114: {fileID: 348190061}
  - 54: {fileID: 348190060}
  - 82: {fileID: 348190059}
  - 135: {fileID: 348190058}
  - 114: {fileID: 348190057}
  m_Layer: 12
  m_Name: Ball
  m_TagString: Player
  m_Icon: {fileID: 0}
  m_NavMeshLayer: 0
  m_StaticEditorFlags: 0
  m_IsActive: 1
--- !u!4 &348190056
Transform:
  m_ObjectHideFlags: 0
  m_PrefabParentObject: {fileID: 400004, guid: 6d594cf13c24248169045688348f08a2, type: 2}
  m_PrefabInternal: {fileID: 0}
  m_GameObject: {fileID: 348190055}
  m_LocalRotation: {x: 0, y: 1, z: 0, w: -0.00000016292068}
  m_LocalPosition: {x: -0.31, y: 7.489769, z: 37.687}
  m_LocalScale: {x: 1, y: 1, z: 1}
  m_Children:
  - {fileID: 796565430}
  m_Father: {fileID: 623732676}
  m_RootOrder: 0
--- !u!114 &348190057
MonoBehaviour:
  m_ObjectHideFlags: 0
  m_PrefabParentObject: {fileID: 11400000, guid: 6d594cf13c24248169045688348f08a2,
    type: 2}
  m_PrefabInternal: {fileID: 0}
  m_GameObject: {fileID: 348190055}
  m_Enabled: 1
  m_EditorHideFlags: 0
  m_Script: {fileID: 11500000, guid: a2816d47e7d2d493dab89bbbc033df60, type: 3}
  m_Name: 
  m_EditorClassIdentifier: 
  volScalar: 1
  useUpdate: 1
--- !u!135 &348190058
SphereCollider:
  m_ObjectHideFlags: 0
  m_PrefabParentObject: {fileID: 13500000, guid: 6d594cf13c24248169045688348f08a2,
    type: 2}
  m_PrefabInternal: {fileID: 0}
  m_GameObject: {fileID: 348190055}
  m_Material: {fileID: 13400000, guid: cbc45ef4418608e43a58b4b4d3afff3e, type: 2}
  m_IsTrigger: 0
  m_Enabled: 1
  serializedVersion: 2
  m_Radius: 0.213
  m_Center: {x: 0, y: 0, z: 0}
--- !u!82 &348190059
AudioSource:
  m_ObjectHideFlags: 0
  m_PrefabParentObject: {fileID: 8200000, guid: 6d594cf13c24248169045688348f08a2,
    type: 2}
  m_PrefabInternal: {fileID: 0}
  m_GameObject: {fileID: 348190055}
  m_Enabled: 1
  serializedVersion: 4
  OutputAudioMixerGroup: {fileID: 0}
  m_audioClip: {fileID: 0}
  m_PlayOnAwake: 0
  m_Volume: 1
  m_Pitch: 1
  Loop: 0
  Mute: 0
  Spatialize: 0
  Priority: 128
  DopplerLevel: 1
  MinDistance: 1
  MaxDistance: 500
  Pan2D: 0
  rolloffMode: 2
  BypassEffects: 0
  BypassListenerEffects: 0
  BypassReverbZones: 0
  rolloffCustomCurve:
    serializedVersion: 2
    m_Curve:
    - time: 0
      value: 1
      inSlope: 7e-43
      outSlope: 4.62428e-36
      tangentMode: 0
    - time: 0.00020000001
      value: 1
      inSlope: 0
      outSlope: 0
      tangentMode: 0
    - time: 0.00040000002
      value: 1
      inSlope: 0
      outSlope: 0
      tangentMode: 0
    - time: 0.00080000004
      value: 1
      inSlope: 0
      outSlope: 0
      tangentMode: 0
    - time: 0.0016000001
      value: 1
      inSlope: 0
      outSlope: 0
      tangentMode: 0
    - time: 0.0032000002
      value: 0.9433962
      inSlope: -45.18181
      outSlope: -43.838097
      tangentMode: 0
    - time: 0.0064000003
      value: 0.8196721
      inSlope: -34.49805
      outSlope: -32.734497
      tangentMode: 0
    - time: 0.012800001
      value: 0.64935064
      inSlope: -21.996954
      outSlope: -20.241596
      tangentMode: 0
    - time: 0.025600001
      value: 0.4587156
      inSlope: -11.177279
      outSlope: -9.937514
      tangentMode: 0
    - time: 0.051200002
      value: 0.28901735
      inSlope: -4.5102553
      outSlope: -3.8888245
      tangentMode: 0
    - time: 0.102400005
      value: 0.16611296
      inSlope: -1.5079232
      outSlope: -1.2715317
      tangentMode: 0
    - time: 0.20480001
      value: 0.08976661
      inSlope: -0.44368607
      outSlope: -0.3689849
      tangentMode: 0
    - time: 0.40960002
      value: 0.046772685
      inSlope: -0.12097207
      outSlope: -0.09982222
      tangentMode: 0
    - time: 0.81920004
      value: 0.023889154
      inSlope: -0.031629518
      outSlope: -0.025991336
      tangentMode: 0
    - time: 1
      value: 0.019646365
      inSlope: 7e-43
      outSlope: 4.62428e-36
      tangentMode: 0
    m_PreInfinity: 2
    m_PostInfinity: 2
    m_RotationOrder: 4
  panLevelCustomCurve:
    serializedVersion: 2
    m_Curve:
    - time: 0
      value: 1
      inSlope: 0
      outSlope: 0
      tangentMode: 0
    m_PreInfinity: 2
    m_PostInfinity: 2
    m_RotationOrder: 0
  spreadCustomCurve:
    serializedVersion: 2
    m_Curve:
    - time: 0
      value: 0
      inSlope: 0
      outSlope: 0
      tangentMode: 0
    m_PreInfinity: 2
    m_PostInfinity: 2
    m_RotationOrder: 4
  reverbZoneMixCustomCurve:
    serializedVersion: 2
    m_Curve:
    - time: 0
      value: 1
      inSlope: 0
      outSlope: 0
      tangentMode: 0
    m_PreInfinity: 2
    m_PostInfinity: 2
    m_RotationOrder: 0
--- !u!54 &348190060
Rigidbody:
  m_ObjectHideFlags: 0
  m_PrefabParentObject: {fileID: 5400000, guid: 6d594cf13c24248169045688348f08a2,
    type: 2}
  m_PrefabInternal: {fileID: 0}
  m_GameObject: {fileID: 348190055}
  serializedVersion: 2
  m_Mass: 3.84
  m_Drag: 0.1
  m_AngularDrag: 0.1
  m_UseGravity: 1
  m_IsKinematic: 0
  m_Interpolate: 1
  m_Constraints: 0
  m_CollisionDetection: 1
--- !u!114 &348190061
MonoBehaviour:
  m_ObjectHideFlags: 0
  m_PrefabParentObject: {fileID: 11400002, guid: 6d594cf13c24248169045688348f08a2,
    type: 2}
  m_PrefabInternal: {fileID: 0}
  m_GameObject: {fileID: 348190055}
  m_Enabled: 1
  m_EditorHideFlags: 0
  m_Script: {fileID: 11500000, guid: 2d8a28e8d7bcd4f38a64fc3fca23a649, type: 3}
  m_Name: 
  m_EditorClassIdentifier: 
  fireButtonTex: {fileID: 2800000, guid: ae3d7049cbf2a421e8240105070db2b3, type: 3}
  initalMode: 1
  m_ballMode: 0
  rotateSpeed: 1.5
  minPower: 0.00625
  maxPower: 1
  powerScale: 0.1
  m_currentPower: 0
  ballForce: 17500
  fallTime: 2
  minRollTime: 1.2
  maxRollTime: 3
  minVelocity: 0.05
  minAngularVelocity: 5.6
  requiredStoppedTime: 1
  greenTex: {fileID: 2800000, guid: df067abbabd2a463b9382ba5bde158de, type: 3}
  redTex: {fileID: 2800000, guid: be5689c36f3e7416aa807a38f0dee5ca, type: 3}
  wallHitAC: {fileID: 8300000, guid: 215377022702b43bbb0dc4ad2e148965, type: 3}
  strokeAC: {fileID: 8300000, guid: a7004710a1250429c97cedf4b3611914, type: 3}
  slowDownDrag: 1.25
  slowDownAngularDrag: 0.5
  useSuperBounce: 0
  wallBoostTime: 1
  wallBoostScalar: 1.25
  ballPhysicsMat: {fileID: 13400000, guid: cbc45ef4418608e43a58b4b4d3afff3e, type: 2}
  onTeeSpeed: 12
  teeBounds: {x: -2, y: 2, z: -1, w: 1}
  onWallHitGO: {fileID: 100000, guid: 9c5bd6070cd5d481abdb8755ff51fd7a, type: 2}
  onWaterHitGO: {fileID: 100000, guid: caf20877f7cce4351a9b1cfef8dcd186, type: 2}
  birdsEye: {fileID: 0}
  powerSpeedChange: 0.55
  repeatButtonGS:
    m_Name: 
    m_Normal:
      m_Background: {fileID: 0}
      m_TextColor: {r: 0, g: 0, b: 0, a: 1}
    m_Hover:
      m_Background: {fileID: 0}
      m_TextColor: {r: 0, g: 0, b: 0, a: 1}
    m_Active:
      m_Background: {fileID: 0}
      m_TextColor: {r: 0, g: 0, b: 0, a: 1}
    m_Focused:
      m_Background: {fileID: 0}
      m_TextColor: {r: 0, g: 0, b: 0, a: 1}
    m_OnNormal:
      m_Background: {fileID: 0}
      m_TextColor: {r: 0, g: 0, b: 0, a: 1}
    m_OnHover:
      m_Background: {fileID: 0}
      m_TextColor: {r: 0, g: 0, b: 0, a: 1}
    m_OnActive:
      m_Background: {fileID: 0}
      m_TextColor: {r: 0, g: 0, b: 0, a: 1}
    m_OnFocused:
      m_Background: {fileID: 0}
      m_TextColor: {r: 0, g: 0, b: 0, a: 1}
    m_Border:
      m_Left: 0
      m_Right: 0
      m_Top: 0
      m_Bottom: 0
    m_Margin:
      m_Left: 0
      m_Right: 0
      m_Top: 0
      m_Bottom: 0
    m_Padding:
      m_Left: 0
      m_Right: 0
      m_Top: 0
      m_Bottom: 0
    m_Overflow:
      m_Left: 0
      m_Right: 0
      m_Top: 0
      m_Bottom: 0
    m_Font: {fileID: 0}
    m_FontSize: 0
    m_FontStyle: 0
    m_Alignment: 0
    m_WordWrap: 0
    m_RichText: 1
    m_TextClipping: 0
    m_ImagePosition: 0
    m_ContentOffset: {x: 0, y: 0}
    m_FixedWidth: 0
    m_FixedHeight: 0
    m_StretchWidth: 1
    m_StretchHeight: 0
  aimDisabled: 0
--- !u!23 &348190062
MeshRenderer:
  m_ObjectHideFlags: 0
  m_PrefabParentObject: {fileID: 2300002, guid: 6d594cf13c24248169045688348f08a2,
    type: 2}
  m_PrefabInternal: {fileID: 0}
  m_GameObject: {fileID: 348190055}
  m_Enabled: 1
  m_CastShadows: 0
  m_ReceiveShadows: 1
  m_Materials:
  - {fileID: 2100000, guid: d3443ac707f3e5347a390c0eda90c81a, type: 2}
  m_SubsetIndices: 
  m_StaticBatchRoot: {fileID: 0}
  m_UseLightProbes: 0
  m_ReflectionProbeUsage: 1
  m_ProbeAnchor: {fileID: 0}
  m_ScaleInLightmap: 1
  m_PreserveUVs: 0
  m_IgnoreNormalsForChartDetection: 0
  m_ImportantGI: 0
  m_MinimumChartSize: 4
  m_AutoUVMaxDistance: 0.5
  m_AutoUVMaxAngle: 89
  m_LightmapParameters: {fileID: 0}
  m_SortingLayerID: 0
  m_SortingOrder: 0
--- !u!33 &348190063
MeshFilter:
  m_ObjectHideFlags: 0
  m_PrefabParentObject: {fileID: 3300002, guid: 6d594cf13c24248169045688348f08a2,
    type: 2}
  m_PrefabInternal: {fileID: 0}
  m_GameObject: {fileID: 348190055}
  m_Mesh: {fileID: 4300000, guid: 08feb961463a3534fac0e17a47ff75a9, type: 3}
--- !u!1001 &439307888
Prefab:
  m_ObjectHideFlags: 0
  serializedVersion: 2
  m_Modification:
    m_TransformParent: {fileID: 75154506}
    m_Modifications:
    - target: {fileID: 400004, guid: a12f5000fb6c24df9805e5eaddc33993, type: 2}
      propertyPath: m_LocalPosition.x
      value: 12.531918
      objectReference: {fileID: 0}
    - target: {fileID: 400004, guid: a12f5000fb6c24df9805e5eaddc33993, type: 2}
      propertyPath: m_LocalPosition.y
      value: 0.042898655
      objectReference: {fileID: 0}
    - target: {fileID: 400004, guid: a12f5000fb6c24df9805e5eaddc33993, type: 2}
      propertyPath: m_LocalPosition.z
      value: 55.9
      objectReference: {fileID: 0}
    - target: {fileID: 400004, guid: a12f5000fb6c24df9805e5eaddc33993, type: 2}
      propertyPath: m_LocalRotation.x
      value: 0
      objectReference: {fileID: 0}
    - target: {fileID: 400004, guid: a12f5000fb6c24df9805e5eaddc33993, type: 2}
      propertyPath: m_LocalRotation.y
      value: 0
      objectReference: {fileID: 0}
    - target: {fileID: 400004, guid: a12f5000fb6c24df9805e5eaddc33993, type: 2}
      propertyPath: m_LocalRotation.z
      value: 0
      objectReference: {fileID: 0}
    - target: {fileID: 400004, guid: a12f5000fb6c24df9805e5eaddc33993, type: 2}
      propertyPath: m_LocalRotation.w
      value: 1
      objectReference: {fileID: 0}
    - target: {fileID: 2300000, guid: a12f5000fb6c24df9805e5eaddc33993, type: 2}
      propertyPath: m_LightmapIndex
      value: 255
      objectReference: {fileID: 0}
    - target: {fileID: 2300000, guid: a12f5000fb6c24df9805e5eaddc33993, type: 2}
      propertyPath: m_LightmapTilingOffset.x
      value: 1
      objectReference: {fileID: 0}
    - target: {fileID: 2300000, guid: a12f5000fb6c24df9805e5eaddc33993, type: 2}
      propertyPath: m_LightmapTilingOffset.y
      value: 1
      objectReference: {fileID: 0}
    - target: {fileID: 2300000, guid: a12f5000fb6c24df9805e5eaddc33993, type: 2}
      propertyPath: m_LightmapTilingOffset.z
      value: 0
      objectReference: {fileID: 0}
    - target: {fileID: 2300002, guid: a12f5000fb6c24df9805e5eaddc33993, type: 2}
      propertyPath: m_LightmapIndex
      value: 255
      objectReference: {fileID: 0}
    - target: {fileID: 2300002, guid: a12f5000fb6c24df9805e5eaddc33993, type: 2}
      propertyPath: m_LightmapTilingOffset.x
      value: 1
      objectReference: {fileID: 0}
    - target: {fileID: 2300002, guid: a12f5000fb6c24df9805e5eaddc33993, type: 2}
      propertyPath: m_LightmapTilingOffset.y
      value: 1
      objectReference: {fileID: 0}
    - target: {fileID: 2300002, guid: a12f5000fb6c24df9805e5eaddc33993, type: 2}
      propertyPath: m_LightmapTilingOffset.w
      value: 0
      objectReference: {fileID: 0}
    - target: {fileID: 400004, guid: a12f5000fb6c24df9805e5eaddc33993, type: 2}
      propertyPath: m_LocalScale.x
      value: 0.1
      objectReference: {fileID: 0}
    - target: {fileID: 400004, guid: a12f5000fb6c24df9805e5eaddc33993, type: 2}
      propertyPath: m_LocalScale.y
      value: 0.1
      objectReference: {fileID: 0}
    - target: {fileID: 400004, guid: a12f5000fb6c24df9805e5eaddc33993, type: 2}
      propertyPath: m_LocalScale.z
      value: 0.1
      objectReference: {fileID: 0}
    - target: {fileID: 400004, guid: a12f5000fb6c24df9805e5eaddc33993, type: 2}
      propertyPath: m_RootOrder
      value: 6
      objectReference: {fileID: 0}
    m_RemovedComponents: []
  m_ParentPrefab: {fileID: 100100000, guid: a12f5000fb6c24df9805e5eaddc33993, type: 2}
  m_IsPrefabParent: 0
--- !u!4 &439307889 stripped
Transform:
  m_PrefabParentObject: {fileID: 400004, guid: a12f5000fb6c24df9805e5eaddc33993, type: 2}
  m_PrefabInternal: {fileID: 439307888}
--- !u!1 &480817808
GameObject:
  m_ObjectHideFlags: 0
  m_PrefabParentObject: {fileID: 100000, guid: f8eb00a394ccb4c6997d3ed3c38c5d44, type: 2}
  m_PrefabInternal: {fileID: 0}
  serializedVersion: 4
  m_Component:
  - 4: {fileID: 480817809}
  m_Layer: 0
  m_Name: Hole (1)
  m_TagString: Untagged
  m_Icon: {fileID: 0}
  m_NavMeshLayer: 0
  m_StaticEditorFlags: 0
  m_IsActive: 1
--- !u!4 &480817809
Transform:
  m_ObjectHideFlags: 0
  m_PrefabParentObject: {fileID: 400000, guid: f8eb00a394ccb4c6997d3ed3c38c5d44, type: 2}
  m_PrefabInternal: {fileID: 0}
  m_GameObject: {fileID: 480817808}
  m_LocalRotation: {x: 0, y: 0, z: 0, w: 1}
  m_LocalPosition: {x: 0, y: 0, z: 0}
  m_LocalScale: {x: 1, y: 1, z: 1}
  m_Children:
  - {fileID: 1881109429}
  - {fileID: 958412534}
  m_Father: {fileID: 75154506}
  m_RootOrder: 8
--- !u!1001 &518228456
Prefab:
  m_ObjectHideFlags: 0
  serializedVersion: 2
  m_Modification:
    m_TransformParent: {fileID: 304806581}
    m_Modifications:
    - target: {fileID: 400006, guid: 707f271b2a6264ce59d306fa4851ad3f, type: 2}
      propertyPath: m_LocalPosition.x
      value: 0
      objectReference: {fileID: 0}
    - target: {fileID: 400006, guid: 707f271b2a6264ce59d306fa4851ad3f, type: 2}
      propertyPath: m_LocalPosition.y
      value: -0.3
      objectReference: {fileID: 0}
    - target: {fileID: 400006, guid: 707f271b2a6264ce59d306fa4851ad3f, type: 2}
      propertyPath: m_LocalPosition.z
      value: 0
      objectReference: {fileID: 0}
    - target: {fileID: 400006, guid: 707f271b2a6264ce59d306fa4851ad3f, type: 2}
      propertyPath: m_LocalRotation.x
      value: 0
      objectReference: {fileID: 0}
    - target: {fileID: 400006, guid: 707f271b2a6264ce59d306fa4851ad3f, type: 2}
      propertyPath: m_LocalRotation.y
      value: 0
      objectReference: {fileID: 0}
    - target: {fileID: 400006, guid: 707f271b2a6264ce59d306fa4851ad3f, type: 2}
      propertyPath: m_LocalRotation.z
      value: 0
      objectReference: {fileID: 0}
    - target: {fileID: 400006, guid: 707f271b2a6264ce59d306fa4851ad3f, type: 2}
      propertyPath: m_LocalRotation.w
      value: 1
      objectReference: {fileID: 0}
    - target: {fileID: 2300004, guid: 707f271b2a6264ce59d306fa4851ad3f, type: 2}
      propertyPath: m_LightmapIndex
      value: 255
      objectReference: {fileID: 0}
    - target: {fileID: 2300004, guid: 707f271b2a6264ce59d306fa4851ad3f, type: 2}
      propertyPath: m_LightmapTilingOffset.x
      value: 1
      objectReference: {fileID: 0}
    - target: {fileID: 2300004, guid: 707f271b2a6264ce59d306fa4851ad3f, type: 2}
      propertyPath: m_LightmapTilingOffset.y
      value: 1
      objectReference: {fileID: 0}
    - target: {fileID: 2300004, guid: 707f271b2a6264ce59d306fa4851ad3f, type: 2}
      propertyPath: m_LightmapTilingOffset.w
      value: 0
      objectReference: {fileID: 0}
    - target: {fileID: 2300000, guid: 707f271b2a6264ce59d306fa4851ad3f, type: 2}
      propertyPath: m_LightmapIndex
      value: 255
      objectReference: {fileID: 0}
    - target: {fileID: 2300000, guid: 707f271b2a6264ce59d306fa4851ad3f, type: 2}
      propertyPath: m_LightmapTilingOffset.x
      value: 1
      objectReference: {fileID: 0}
    - target: {fileID: 2300000, guid: 707f271b2a6264ce59d306fa4851ad3f, type: 2}
      propertyPath: m_LightmapTilingOffset.y
      value: 1
      objectReference: {fileID: 0}
    - target: {fileID: 2300000, guid: 707f271b2a6264ce59d306fa4851ad3f, type: 2}
      propertyPath: m_LightmapTilingOffset.z
      value: 0
      objectReference: {fileID: 0}
    - target: {fileID: 2300002, guid: 707f271b2a6264ce59d306fa4851ad3f, type: 2}
      propertyPath: m_LightmapIndex
      value: 255
      objectReference: {fileID: 0}
    - target: {fileID: 2300002, guid: 707f271b2a6264ce59d306fa4851ad3f, type: 2}
      propertyPath: m_LightmapTilingOffset.x
      value: 1
      objectReference: {fileID: 0}
    - target: {fileID: 2300002, guid: 707f271b2a6264ce59d306fa4851ad3f, type: 2}
      propertyPath: m_LightmapTilingOffset.y
      value: 1
      objectReference: {fileID: 0}
    - target: {fileID: 2300002, guid: 707f271b2a6264ce59d306fa4851ad3f, type: 2}
      propertyPath: m_LightmapTilingOffset.z
      value: 0
      objectReference: {fileID: 0}
    - target: {fileID: 2300002, guid: 707f271b2a6264ce59d306fa4851ad3f, type: 2}
      propertyPath: m_LightmapTilingOffset.w
      value: 0
      objectReference: {fileID: 0}
    - target: {fileID: 400006, guid: 707f271b2a6264ce59d306fa4851ad3f, type: 2}
      propertyPath: m_RootOrder
      value: 1
      objectReference: {fileID: 0}
    - target: {fileID: 400006, guid: 707f271b2a6264ce59d306fa4851ad3f, type: 2}
      propertyPath: m_LocalScale.x
      value: 1
      objectReference: {fileID: 0}
    - target: {fileID: 400006, guid: 707f271b2a6264ce59d306fa4851ad3f, type: 2}
      propertyPath: m_LocalScale.y
      value: 1
      objectReference: {fileID: 0}
    - target: {fileID: 400006, guid: 707f271b2a6264ce59d306fa4851ad3f, type: 2}
      propertyPath: m_LocalScale.z
      value: 1
      objectReference: {fileID: 0}
    m_RemovedComponents: []
  m_ParentPrefab: {fileID: 100100000, guid: 707f271b2a6264ce59d306fa4851ad3f, type: 2}
  m_IsPrefabParent: 0
--- !u!4 &518228457 stripped
Transform:
  m_PrefabParentObject: {fileID: 400006, guid: 707f271b2a6264ce59d306fa4851ad3f, type: 2}
  m_PrefabInternal: {fileID: 518228456}
--- !u!1001 &623732675
Prefab:
  m_ObjectHideFlags: 0
  serializedVersion: 2
  m_Modification:
    m_TransformParent: {fileID: 75154506}
    m_Modifications:
    - target: {fileID: 400012, guid: 6b3e710695454413ba6129d2d826a43f, type: 2}
      propertyPath: m_LocalPosition.x
      value: 12.8
      objectReference: {fileID: 0}
    - target: {fileID: 400012, guid: 6b3e710695454413ba6129d2d826a43f, type: 2}
      propertyPath: m_LocalPosition.y
      value: 2.07
      objectReference: {fileID: 0}
    - target: {fileID: 400012, guid: 6b3e710695454413ba6129d2d826a43f, type: 2}
      propertyPath: m_LocalPosition.z
      value: 30.7
      objectReference: {fileID: 0}
    - target: {fileID: 400012, guid: 6b3e710695454413ba6129d2d826a43f, type: 2}
      propertyPath: m_LocalRotation.x
      value: 0
      objectReference: {fileID: 0}
    - target: {fileID: 400012, guid: 6b3e710695454413ba6129d2d826a43f, type: 2}
      propertyPath: m_LocalRotation.y
      value: 0
      objectReference: {fileID: 0}
    - target: {fileID: 400012, guid: 6b3e710695454413ba6129d2d826a43f, type: 2}
      propertyPath: m_LocalRotation.z
      value: 0
      objectReference: {fileID: 0}
    - target: {fileID: 400012, guid: 6b3e710695454413ba6129d2d826a43f, type: 2}
      propertyPath: m_LocalRotation.w
      value: 1
      objectReference: {fileID: 0}
    - target: {fileID: 2300000, guid: 6b3e710695454413ba6129d2d826a43f, type: 2}
      propertyPath: m_LightmapIndex
      value: 255
      objectReference: {fileID: 0}
    - target: {fileID: 2300000, guid: 6b3e710695454413ba6129d2d826a43f, type: 2}
      propertyPath: m_LightmapTilingOffset.x
      value: 1
      objectReference: {fileID: 0}
    - target: {fileID: 2300000, guid: 6b3e710695454413ba6129d2d826a43f, type: 2}
      propertyPath: m_LightmapTilingOffset.y
      value: 1
      objectReference: {fileID: 0}
    - target: {fileID: 2300002, guid: 6b3e710695454413ba6129d2d826a43f, type: 2}
      propertyPath: m_LightmapIndex
      value: 255
      objectReference: {fileID: 0}
    - target: {fileID: 2300002, guid: 6b3e710695454413ba6129d2d826a43f, type: 2}
      propertyPath: m_LightmapTilingOffset.x
      value: 1
      objectReference: {fileID: 0}
    - target: {fileID: 2300002, guid: 6b3e710695454413ba6129d2d826a43f, type: 2}
      propertyPath: m_LightmapTilingOffset.y
      value: 1
      objectReference: {fileID: 0}
    - target: {fileID: 2300002, guid: 6b3e710695454413ba6129d2d826a43f, type: 2}
      propertyPath: m_LightmapTilingOffset.w
      value: 0
      objectReference: {fileID: 0}
    - target: {fileID: 400010, guid: 6b3e710695454413ba6129d2d826a43f, type: 2}
      propertyPath: m_LocalPosition.z
      value: 42.210854
      objectReference: {fileID: 0}
    - target: {fileID: 400010, guid: 6b3e710695454413ba6129d2d826a43f, type: 2}
      propertyPath: m_LocalPosition.x
      value: -1.6906796
      objectReference: {fileID: 0}
    - target: {fileID: 400012, guid: 6b3e710695454413ba6129d2d826a43f, type: 2}
      propertyPath: m_RootOrder
      value: 4
      objectReference: {fileID: 0}
    - target: {fileID: 400010, guid: 6b3e710695454413ba6129d2d826a43f, type: 2}
      propertyPath: m_RootOrder
      value: 1
      objectReference: {fileID: 0}
    - target: {fileID: 400004, guid: 6b3e710695454413ba6129d2d826a43f, type: 2}
      propertyPath: m_RootOrder
      value: 2
      objectReference: {fileID: 0}
    - target: {fileID: 100006, guid: 6b3e710695454413ba6129d2d826a43f, type: 2}
      propertyPath: m_IsActive
      value: 0
      objectReference: {fileID: 0}
    m_RemovedComponents: []
  m_ParentPrefab: {fileID: 100100000, guid: 6b3e710695454413ba6129d2d826a43f, type: 2}
  m_IsPrefabParent: 0
--- !u!4 &623732676 stripped
Transform:
  m_PrefabParentObject: {fileID: 400012, guid: 6b3e710695454413ba6129d2d826a43f, type: 2}
  m_PrefabInternal: {fileID: 623732675}
--- !u!1 &796565429
GameObject:
  m_ObjectHideFlags: 0
  m_PrefabParentObject: {fileID: 100002, guid: 6d594cf13c24248169045688348f08a2, type: 2}
  m_PrefabInternal: {fileID: 0}
  serializedVersion: 4
  m_Component:
  - 4: {fileID: 796565430}
  m_Layer: 9
  m_Name: TrailNode
  m_TagString: Untagged
  m_Icon: {fileID: 0}
  m_NavMeshLayer: 0
  m_StaticEditorFlags: 0
  m_IsActive: 1
--- !u!4 &796565430
Transform:
  m_ObjectHideFlags: 0
  m_PrefabParentObject: {fileID: 400002, guid: 6d594cf13c24248169045688348f08a2, type: 2}
  m_PrefabInternal: {fileID: 0}
  m_GameObject: {fileID: 796565429}
  m_LocalRotation: {x: 0, y: 1, z: 0, w: -0.00000016292068}
  m_LocalPosition: {x: 0, y: 0, z: 0}
  m_LocalScale: {x: 10, y: 10, z: 10}
  m_Children:
  - {fileID: 1901539048}
  m_Father: {fileID: 348190056}
  m_RootOrder: 0
--- !u!1 &958412533
GameObject:
  m_ObjectHideFlags: 0
  m_PrefabParentObject: {fileID: 100036, guid: f8eb00a394ccb4c6997d3ed3c38c5d44, type: 2}
  m_PrefabInternal: {fileID: 0}
  serializedVersion: 4
  m_Component:
  - 4: {fileID: 958412534}
  - 114: {fileID: 958412535}
  m_Layer: 0
  m_Name: Startup
  m_TagString: Untagged
  m_Icon: {fileID: 0}
  m_NavMeshLayer: 0
  m_StaticEditorFlags: 0
  m_IsActive: 1
--- !u!4 &958412534
Transform:
  m_ObjectHideFlags: 0
  m_PrefabParentObject: {fileID: 400036, guid: f8eb00a394ccb4c6997d3ed3c38c5d44, type: 2}
  m_PrefabInternal: {fileID: 0}
  m_GameObject: {fileID: 958412533}
  m_LocalRotation: {x: 0, y: 0, z: 0, w: 1}
  m_LocalPosition: {x: 0, y: 0, z: 0}
  m_LocalScale: {x: 1, y: 1, z: 1}
  m_Children:
  - {fileID: 198516460}
  - {fileID: 45147427}
  m_Father: {fileID: 480817809}
  m_RootOrder: 1
--- !u!114 &958412535
MonoBehaviour:
  m_ObjectHideFlags: 0
  m_PrefabParentObject: {fileID: 11400010, guid: f8eb00a394ccb4c6997d3ed3c38c5d44,
    type: 2}
  m_PrefabInternal: {fileID: 0}
  m_GameObject: {fileID: 958412533}
  m_Enabled: 1
  m_EditorHideFlags: 0
  m_Script: {fileID: 11500000, guid: 7931b9b253e434a9ca9552ce86d14215, type: 3}
  m_Name: 
  m_EditorClassIdentifier: 
  prefabDroid: {fileID: 100024, guid: 814b7bb61c62f4c46b0a1be359b5341e, type: 2}
  prefabIOS: {fileID: 100024, guid: fbf16c344d741495c9afdc3fb4ea9fb4, type: 2}
  prefab: {fileID: 100024, guid: 814b7bb61c62f4c46b0a1be359b5341e, type: 2}
--- !u!1 &1218876337
GameObject:
  m_ObjectHideFlags: 0
  m_PrefabParentObject: {fileID: 100018, guid: 6d594cf13c24248169045688348f08a2, type: 2}
  m_PrefabInternal: {fileID: 0}
  serializedVersion: 4
  m_Component:
  - 4: {fileID: 1218876338}
  - 33: {fileID: 1218876341}
  - 23: {fileID: 1218876340}
  - 64: {fileID: 1218876339}
  m_Layer: 0
  m_Name: tile20_floor
  m_TagString: Untagged
  m_Icon: {fileID: 0}
  m_NavMeshLayer: 0
  m_StaticEditorFlags: 4294967295
  m_IsActive: 1
--- !u!4 &1218876338
Transform:
  m_ObjectHideFlags: 0
  m_PrefabParentObject: {fileID: 400018, guid: 6d594cf13c24248169045688348f08a2, type: 2}
  m_PrefabInternal: {fileID: 0}
  m_GameObject: {fileID: 1218876337}
  m_LocalRotation: {x: -0.5, y: 0.5, z: 0.5, w: 0.5}
  m_LocalPosition: {x: -0.08, y: 5.6, z: 43.3}
  m_LocalScale: {x: 0.1, y: 0.1, z: 0.1}
  m_Children: []
  m_Father: {fileID: 75154506}
  m_RootOrder: 5
--- !u!64 &1218876339
MeshCollider:
  m_ObjectHideFlags: 0
  m_PrefabParentObject: {fileID: 6400006, guid: 6d594cf13c24248169045688348f08a2,
    type: 2}
  m_PrefabInternal: {fileID: 0}
  m_GameObject: {fileID: 1218876337}
  m_Material: {fileID: 13400000, guid: 5410a64fad11e8d6d00011d98d76c639, type: 2}
  m_IsTrigger: 0
  m_Enabled: 1
  serializedVersion: 2
  m_Convex: 0
  m_Mesh: {fileID: 4300002, guid: 8c19ff53c398941b58f3e74cd19822c3, type: 3}
--- !u!23 &1218876340
MeshRenderer:
  m_ObjectHideFlags: 0
  m_PrefabParentObject: {fileID: 2300010, guid: 6d594cf13c24248169045688348f08a2,
    type: 2}
  m_PrefabInternal: {fileID: 0}
  m_GameObject: {fileID: 1218876337}
  m_Enabled: 1
  m_CastShadows: 1
  m_ReceiveShadows: 1
  m_Materials:
  - {fileID: 2100000, guid: 2948463c79a4940d6b65346e5b534c68, type: 2}
  m_SubsetIndices: 
  m_StaticBatchRoot: {fileID: 0}
  m_UseLightProbes: 0
  m_ReflectionProbeUsage: 1
  m_ProbeAnchor: {fileID: 0}
  m_ScaleInLightmap: 1
  m_PreserveUVs: 0
  m_IgnoreNormalsForChartDetection: 0
  m_ImportantGI: 0
  m_MinimumChartSize: 4
  m_AutoUVMaxDistance: 0.5
  m_AutoUVMaxAngle: 89
  m_LightmapParameters: {fileID: 0}
  m_SortingLayerID: 0
  m_SortingOrder: 0
--- !u!33 &1218876341
MeshFilter:
  m_ObjectHideFlags: 0
  m_PrefabParentObject: {fileID: 3300010, guid: 6d594cf13c24248169045688348f08a2,
    type: 2}
  m_PrefabInternal: {fileID: 0}
  m_GameObject: {fileID: 1218876337}
  m_Mesh: {fileID: 4300002, guid: 8c19ff53c398941b58f3e74cd19822c3, type: 3}
--- !u!1 &1242103684
GameObject:
  m_ObjectHideFlags: 0
  m_PrefabParentObject: {fileID: 100016, guid: f8eb00a394ccb4c6997d3ed3c38c5d44, type: 2}
  m_PrefabInternal: {fileID: 0}
  serializedVersion: 4
  m_Component:
  - 4: {fileID: 1242103685}
  - 20: {fileID: 1242103687}
  - 92: {fileID: 1242103686}
  m_Layer: 0
  m_Name: GUICamera
  m_TagString: Untagged
  m_Icon: {fileID: 0}
  m_NavMeshLayer: 0
  m_StaticEditorFlags: 0
  m_IsActive: 1
--- !u!4 &1242103685
Transform:
  m_ObjectHideFlags: 0
  m_PrefabParentObject: {fileID: 400016, guid: f8eb00a394ccb4c6997d3ed3c38c5d44, type: 2}
  m_PrefabInternal: {fileID: 0}
  m_GameObject: {fileID: 1242103684}
  m_LocalRotation: {x: 0, y: 0, z: 0, w: 1}
  m_LocalPosition: {x: 0, y: 0, z: 0}
  m_LocalScale: {x: 1, y: 1, z: 1}
  m_Children: []
  m_Father: {fileID: 1459894183}
  m_RootOrder: 1
--- !u!92 &1242103686
Behaviour:
  m_ObjectHideFlags: 0
  m_PrefabParentObject: {fileID: 9200000, guid: f8eb00a394ccb4c6997d3ed3c38c5d44,
    type: 2}
  m_PrefabInternal: {fileID: 0}
  m_GameObject: {fileID: 1242103684}
  m_Enabled: 1
--- !u!20 &1242103687
Camera:
  m_ObjectHideFlags: 0
  m_PrefabParentObject: {fileID: 2000000, guid: f8eb00a394ccb4c6997d3ed3c38c5d44,
    type: 2}
  m_PrefabInternal: {fileID: 0}
  m_GameObject: {fileID: 1242103684}
  m_Enabled: 1
  serializedVersion: 2
  m_ClearFlags: 3
  m_BackGroundColor: {r: 1, g: 1, b: 0.4745098, a: 0.019607844}
  m_NormalizedViewPortRect:
    serializedVersion: 2
    x: 0
    y: 0
    width: 1
    height: 1
  near clip plane: 0.3
  far clip plane: 1000
  field of view: 65
  orthographic: 1
  orthographic size: 100
  m_Depth: 2
  m_CullingMask:
    serializedVersion: 2
    m_Bits: 2048
  m_RenderingPath: -1
  m_TargetTexture: {fileID: 0}
  m_TargetDisplay: 0
  m_TargetEye: 3
  m_HDR: 0
  m_OcclusionCulling: 1
  m_StereoConvergence: 10
  m_StereoSeparation: 0.022
  m_StereoMirrorMode: 0
--- !u!1 &1284875527
GameObject:
  m_ObjectHideFlags: 0
  m_PrefabParentObject: {fileID: 100018, guid: 6d594cf13c24248169045688348f08a2, type: 2}
  m_PrefabInternal: {fileID: 0}
  serializedVersion: 4
  m_Component:
  - 4: {fileID: 1284875528}
  - 33: {fileID: 1284875531}
  - 23: {fileID: 1284875530}
  - 64: {fileID: 1284875529}
  m_Layer: 0
  m_Name: tile20_floor (1)
  m_TagString: Untagged
  m_Icon: {fileID: 0}
  m_NavMeshLayer: 0
  m_StaticEditorFlags: 4294967295
  m_IsActive: 1
--- !u!4 &1284875528
Transform:
  m_ObjectHideFlags: 0
  m_PrefabParentObject: {fileID: 400018, guid: 6d594cf13c24248169045688348f08a2, type: 2}
  m_PrefabInternal: {fileID: 0}
  m_GameObject: {fileID: 1284875527}
  m_LocalRotation: {x: -0.5, y: -0.5, z: -0.5, w: 0.5}
  m_LocalPosition: {x: 12.6, y: 5.6, z: 43.3}
  m_LocalScale: {x: 0.1, y: 0.1, z: 0.1}
  m_Children: []
  m_Father: {fileID: 75154506}
  m_RootOrder: 1
--- !u!64 &1284875529
MeshCollider:
  m_ObjectHideFlags: 0
  m_PrefabParentObject: {fileID: 6400006, guid: 6d594cf13c24248169045688348f08a2,
    type: 2}
  m_PrefabInternal: {fileID: 0}
  m_GameObject: {fileID: 1284875527}
  m_Material: {fileID: 13400000, guid: 5410a64fad11e8d6d00011d98d76c639, type: 2}
  m_IsTrigger: 0
  m_Enabled: 1
  serializedVersion: 2
  m_Convex: 0
  m_Mesh: {fileID: 4300002, guid: 8c19ff53c398941b58f3e74cd19822c3, type: 3}
--- !u!23 &1284875530
MeshRenderer:
  m_ObjectHideFlags: 0
  m_PrefabParentObject: {fileID: 2300010, guid: 6d594cf13c24248169045688348f08a2,
    type: 2}
  m_PrefabInternal: {fileID: 0}
  m_GameObject: {fileID: 1284875527}
  m_Enabled: 1
  m_CastShadows: 1
  m_ReceiveShadows: 1
  m_Materials:
  - {fileID: 2100000, guid: 2948463c79a4940d6b65346e5b534c68, type: 2}
  m_SubsetIndices: 
  m_StaticBatchRoot: {fileID: 0}
  m_UseLightProbes: 0
  m_ReflectionProbeUsage: 1
  m_ProbeAnchor: {fileID: 0}
  m_ScaleInLightmap: 1
  m_PreserveUVs: 0
  m_IgnoreNormalsForChartDetection: 0
  m_ImportantGI: 0
  m_MinimumChartSize: 4
  m_AutoUVMaxDistance: 0.5
  m_AutoUVMaxAngle: 89
  m_LightmapParameters: {fileID: 0}
  m_SortingLayerID: 0
  m_SortingOrder: 0
--- !u!33 &1284875531
MeshFilter:
  m_ObjectHideFlags: 0
  m_PrefabParentObject: {fileID: 3300010, guid: 6d594cf13c24248169045688348f08a2,
    type: 2}
  m_PrefabInternal: {fileID: 0}
  m_GameObject: {fileID: 1284875527}
  m_Mesh: {fileID: 4300002, guid: 8c19ff53c398941b58f3e74cd19822c3, type: 3}
--- !u!1001 &1293160017
Prefab:
  m_ObjectHideFlags: 0
  serializedVersion: 2
  m_Modification:
    m_TransformParent: {fileID: 304806581}
    m_Modifications:
    - target: {fileID: 400006, guid: 31f0f3c613e48445f8808642aba8ae12, type: 2}
      propertyPath: m_LocalPosition.x
      value: 0
      objectReference: {fileID: 0}
    - target: {fileID: 400006, guid: 31f0f3c613e48445f8808642aba8ae12, type: 2}
      propertyPath: m_LocalPosition.y
      value: -0.3
      objectReference: {fileID: 0}
    - target: {fileID: 400006, guid: 31f0f3c613e48445f8808642aba8ae12, type: 2}
      propertyPath: m_LocalPosition.z
      value: 128
      objectReference: {fileID: 0}
    - target: {fileID: 400006, guid: 31f0f3c613e48445f8808642aba8ae12, type: 2}
      propertyPath: m_LocalRotation.x
      value: 0
      objectReference: {fileID: 0}
    - target: {fileID: 400006, guid: 31f0f3c613e48445f8808642aba8ae12, type: 2}
      propertyPath: m_LocalRotation.y
      value: 0
      objectReference: {fileID: 0}
    - target: {fileID: 400006, guid: 31f0f3c613e48445f8808642aba8ae12, type: 2}
      propertyPath: m_LocalRotation.z
      value: 0
      objectReference: {fileID: 0}
    - target: {fileID: 400006, guid: 31f0f3c613e48445f8808642aba8ae12, type: 2}
      propertyPath: m_LocalRotation.w
      value: 1
      objectReference: {fileID: 0}
    - target: {fileID: 100000, guid: 31f0f3c613e48445f8808642aba8ae12, type: 2}
      propertyPath: m_StaticEditorFlags
      value: 4294967295
      objectReference: {fileID: 0}
    - target: {fileID: 100002, guid: 31f0f3c613e48445f8808642aba8ae12, type: 2}
      propertyPath: m_StaticEditorFlags
      value: 4294967295
      objectReference: {fileID: 0}
    - target: {fileID: 100004, guid: 31f0f3c613e48445f8808642aba8ae12, type: 2}
      propertyPath: m_StaticEditorFlags
      value: 4294967295
      objectReference: {fileID: 0}
    - target: {fileID: 100006, guid: 31f0f3c613e48445f8808642aba8ae12, type: 2}
      propertyPath: m_StaticEditorFlags
      value: 4294967295
      objectReference: {fileID: 0}
    - target: {fileID: 2300000, guid: 31f0f3c613e48445f8808642aba8ae12, type: 2}
      propertyPath: m_LightmapIndex
      value: 255
      objectReference: {fileID: 0}
    - target: {fileID: 2300000, guid: 31f0f3c613e48445f8808642aba8ae12, type: 2}
      propertyPath: m_LightmapTilingOffset.x
      value: 1
      objectReference: {fileID: 0}
    - target: {fileID: 2300000, guid: 31f0f3c613e48445f8808642aba8ae12, type: 2}
      propertyPath: m_LightmapTilingOffset.y
      value: 1
      objectReference: {fileID: 0}
    - target: {fileID: 2300000, guid: 31f0f3c613e48445f8808642aba8ae12, type: 2}
      propertyPath: m_LightmapTilingOffset.z
      value: 0
      objectReference: {fileID: 0}
    - target: {fileID: 2300002, guid: 31f0f3c613e48445f8808642aba8ae12, type: 2}
      propertyPath: m_LightmapIndex
      value: 255
      objectReference: {fileID: 0}
    - target: {fileID: 2300002, guid: 31f0f3c613e48445f8808642aba8ae12, type: 2}
      propertyPath: m_LightmapTilingOffset.x
      value: 1
      objectReference: {fileID: 0}
    - target: {fileID: 2300002, guid: 31f0f3c613e48445f8808642aba8ae12, type: 2}
      propertyPath: m_LightmapTilingOffset.y
      value: 1
      objectReference: {fileID: 0}
    - target: {fileID: 2300002, guid: 31f0f3c613e48445f8808642aba8ae12, type: 2}
      propertyPath: m_LightmapTilingOffset.z
      value: 0
      objectReference: {fileID: 0}
    - target: {fileID: 2300004, guid: 31f0f3c613e48445f8808642aba8ae12, type: 2}
      propertyPath: m_LightmapIndex
      value: 255
      objectReference: {fileID: 0}
    - target: {fileID: 2300004, guid: 31f0f3c613e48445f8808642aba8ae12, type: 2}
      propertyPath: m_LightmapTilingOffset.x
      value: 1
      objectReference: {fileID: 0}
    - target: {fileID: 2300004, guid: 31f0f3c613e48445f8808642aba8ae12, type: 2}
      propertyPath: m_LightmapTilingOffset.y
      value: 1
      objectReference: {fileID: 0}
    - target: {fileID: 2300004, guid: 31f0f3c613e48445f8808642aba8ae12, type: 2}
      propertyPath: m_LightmapTilingOffset.w
      value: 0
      objectReference: {fileID: 0}
    - target: {fileID: 400006, guid: 31f0f3c613e48445f8808642aba8ae12, type: 2}
      propertyPath: m_RootOrder
      value: 2
      objectReference: {fileID: 0}
    - target: {fileID: 400006, guid: 31f0f3c613e48445f8808642aba8ae12, type: 2}
      propertyPath: m_LocalScale.x
      value: 1
      objectReference: {fileID: 0}
    - target: {fileID: 400006, guid: 31f0f3c613e48445f8808642aba8ae12, type: 2}
      propertyPath: m_LocalScale.y
      value: 1
      objectReference: {fileID: 0}
    - target: {fileID: 400006, guid: 31f0f3c613e48445f8808642aba8ae12, type: 2}
      propertyPath: m_LocalScale.z
      value: 1
      objectReference: {fileID: 0}
    m_RemovedComponents: []
  m_ParentPrefab: {fileID: 100100000, guid: 31f0f3c613e48445f8808642aba8ae12, type: 2}
  m_IsPrefabParent: 0
--- !u!4 &1293160018 stripped
Transform:
  m_PrefabParentObject: {fileID: 400006, guid: 31f0f3c613e48445f8808642aba8ae12, type: 2}
  m_PrefabInternal: {fileID: 1293160017}
--- !u!1 &1453828416
GameObject:
  m_ObjectHideFlags: 0
  m_PrefabParentObject: {fileID: 0}
  m_PrefabInternal: {fileID: 0}
  serializedVersion: 4
  m_Component:
  - 4: {fileID: 1453828417}
  - 218: {fileID: 1453828419}
  - 154: {fileID: 1453828418}
  m_Layer: 0
  m_Name: Terrain
  m_TagString: Untagged
  m_Icon: {fileID: 0}
  m_NavMeshLayer: 0
  m_StaticEditorFlags: 4294967295
  m_IsActive: 1
--- !u!4 &1453828417
Transform:
  m_ObjectHideFlags: 0
  m_PrefabParentObject: {fileID: 0}
  m_PrefabInternal: {fileID: 0}
  m_GameObject: {fileID: 1453828416}
  m_LocalRotation: {x: 0, y: 0, z: 0, w: 1}
  m_LocalPosition: {x: -45.545937, y: 0, z: -19.838955}
  m_LocalScale: {x: 1, y: 1, z: 1}
  m_Children: []
  m_Father: {fileID: 75154506}
  m_RootOrder: 7
--- !u!154 &1453828418
TerrainCollider:
  m_ObjectHideFlags: 0
  m_PrefabParentObject: {fileID: 0}
  m_PrefabInternal: {fileID: 0}
  m_GameObject: {fileID: 1453828416}
  m_Material: {fileID: 0}
  m_Enabled: 0
  m_TerrainData: {fileID: 15600000, guid: d59ab8e2e1273214f8325b8c6c9b8fd0, type: 2}
  m_EnableTreeColliders: 1
--- !u!218 &1453828419
Terrain:
  m_ObjectHideFlags: 0
  m_PrefabParentObject: {fileID: 0}
  m_PrefabInternal: {fileID: 0}
  m_GameObject: {fileID: 1453828416}
  m_Enabled: 1
  serializedVersion: 3
  m_TerrainData: {fileID: 15600000, guid: d59ab8e2e1273214f8325b8c6c9b8fd0, type: 2}
  m_TreeDistance: 5000
  m_TreeBillboardDistance: 50
  m_TreeCrossFadeLength: 5
  m_TreeMaximumFullLODCount: 50
  m_DetailObjectDistance: 80
  m_DetailObjectDensity: 1
  m_HeightmapPixelError: 5
  m_SplatMapDistance: 1000
  m_HeightmapMaximumLOD: 0
  m_CastShadows: 1
  m_DrawHeightmap: 1
  m_DrawTreesAndFoliage: 1
  m_ReflectionProbeUsage: 1
  m_MaterialType: 1
  m_LegacySpecular:
    serializedVersion: 2
    rgba: 4286545791
  m_LegacyShininess: 0.078125
  m_MaterialTemplate: {fileID: 0}
  m_BakeLightProbesForTrees: 1
  m_ScaleInLightmap: 1
  m_LightmapParameters: {fileID: 15203, guid: 0000000000000000f000000000000000, type: 0}
--- !u!1 &1459894182
GameObject:
  m_ObjectHideFlags: 0
  m_PrefabParentObject: {fileID: 100036, guid: f8eb00a394ccb4c6997d3ed3c38c5d44, type: 2}
  m_PrefabInternal: {fileID: 0}
  serializedVersion: 4
  m_Component:
  - 4: {fileID: 1459894183}
  - 114: {fileID: 1459894184}
  m_Layer: 0
  m_Name: Startup
  m_TagString: Untagged
  m_Icon: {fileID: 0}
  m_NavMeshLayer: 0
  m_StaticEditorFlags: 0
  m_IsActive: 1
--- !u!4 &1459894183
Transform:
  m_ObjectHideFlags: 0
  m_PrefabParentObject: {fileID: 400036, guid: f8eb00a394ccb4c6997d3ed3c38c5d44, type: 2}
  m_PrefabInternal: {fileID: 0}
  m_GameObject: {fileID: 1459894182}
  m_LocalRotation: {x: 0, y: 0, z: 0, w: 1}
  m_LocalPosition: {x: 0, y: 0, z: 0}
  m_LocalScale: {x: 1, y: 1, z: 1}
  m_Children:
  - {fileID: 314474528}
  - {fileID: 1242103685}
  m_Father: {fileID: 1462733567}
  m_RootOrder: 1
--- !u!114 &1459894184
MonoBehaviour:
  m_ObjectHideFlags: 0
  m_PrefabParentObject: {fileID: 11400010, guid: f8eb00a394ccb4c6997d3ed3c38c5d44,
    type: 2}
  m_PrefabInternal: {fileID: 0}
  m_GameObject: {fileID: 1459894182}
  m_Enabled: 1
  m_EditorHideFlags: 0
  m_Script: {fileID: 11500000, guid: 7931b9b253e434a9ca9552ce86d14215, type: 3}
  m_Name: 
  m_EditorClassIdentifier: 
  prefabDroid: {fileID: 0}
  prefabIOS: {fileID: 0}
  prefab: {fileID: 0}
--- !u!1 &1462733566
GameObject:
  m_ObjectHideFlags: 0
  m_PrefabParentObject: {fileID: 100000, guid: f8eb00a394ccb4c6997d3ed3c38c5d44, type: 2}
  m_PrefabInternal: {fileID: 0}
  serializedVersion: 4
  m_Component:
  - 4: {fileID: 1462733567}
  m_Layer: 0
  m_Name: Hole
  m_TagString: Untagged
  m_Icon: {fileID: 0}
  m_NavMeshLayer: 0
  m_StaticEditorFlags: 0
  m_IsActive: 0
--- !u!4 &1462733567
Transform:
  m_ObjectHideFlags: 0
  m_PrefabParentObject: {fileID: 400000, guid: f8eb00a394ccb4c6997d3ed3c38c5d44, type: 2}
  m_PrefabInternal: {fileID: 0}
  m_GameObject: {fileID: 1462733566}
  m_LocalRotation: {x: 0, y: 0, z: 0, w: 1}
  m_LocalPosition: {x: 0, y: 0, z: 0}
  m_LocalScale: {x: 1, y: 1, z: 1}
  m_Children:
  - {fileID: 38326314}
  - {fileID: 1459894183}
  m_Father: {fileID: 75154506}
  m_RootOrder: 9
--- !u!1 &1475356234
GameObject:
  m_ObjectHideFlags: 0
  m_PrefabParentObject: {fileID: 0}
  m_PrefabInternal: {fileID: 0}
  serializedVersion: 4
  m_Component:
  - 4: {fileID: 1475356238}
  - 33: {fileID: 1475356237}
  - 65: {fileID: 1475356236}
  - 23: {fileID: 1475356235}
  m_Layer: 0
  m_Name: Cube
  m_TagString: Untagged
  m_Icon: {fileID: 0}
  m_NavMeshLayer: 0
  m_StaticEditorFlags: 0
  m_IsActive: 1
--- !u!23 &1475356235
MeshRenderer:
  m_ObjectHideFlags: 0
  m_PrefabParentObject: {fileID: 0}
  m_PrefabInternal: {fileID: 0}
  m_GameObject: {fileID: 1475356234}
  m_Enabled: 0
  m_CastShadows: 1
  m_ReceiveShadows: 1
  m_Materials:
  - {fileID: 10303, guid: 0000000000000000f000000000000000, type: 0}
  m_SubsetIndices: 
  m_StaticBatchRoot: {fileID: 0}
  m_UseLightProbes: 1
  m_ReflectionProbeUsage: 1
  m_ProbeAnchor: {fileID: 0}
  m_ScaleInLightmap: 1
  m_PreserveUVs: 1
  m_IgnoreNormalsForChartDetection: 0
  m_ImportantGI: 0
  m_MinimumChartSize: 4
  m_AutoUVMaxDistance: 0.5
  m_AutoUVMaxAngle: 89
  m_LightmapParameters: {fileID: 0}
  m_SortingLayerID: 0
  m_SortingOrder: 0
--- !u!65 &1475356236
BoxCollider:
  m_ObjectHideFlags: 0
  m_PrefabParentObject: {fileID: 0}
  m_PrefabInternal: {fileID: 0}
  m_GameObject: {fileID: 1475356234}
  m_Material: {fileID: 0}
  m_IsTrigger: 0
  m_Enabled: 1
  serializedVersion: 2
  m_Size: {x: 1, y: 1, z: 1}
  m_Center: {x: 0, y: 0, z: 0}
--- !u!33 &1475356237
MeshFilter:
  m_ObjectHideFlags: 0
  m_PrefabParentObject: {fileID: 0}
  m_PrefabInternal: {fileID: 0}
  m_GameObject: {fileID: 1475356234}
  m_Mesh: {fileID: 10202, guid: 0000000000000000e000000000000000, type: 0}
--- !u!4 &1475356238
Transform:
  m_ObjectHideFlags: 0
  m_PrefabParentObject: {fileID: 0}
  m_PrefabInternal: {fileID: 0}
  m_GameObject: {fileID: 1475356234}
  m_LocalRotation: {x: 0, y: 0, z: 0, w: 1}
  m_LocalPosition: {x: 12.32, y: 9.27, z: 75.24}
  m_LocalScale: {x: 12.858, y: 5.4133115, z: 1.897848}
  m_Children: []
  m_Father: {fileID: 0}
  m_RootOrder: 2
--- !u!1 &1648018707
GameObject:
  m_ObjectHideFlags: 0
  m_PrefabParentObject: {fileID: 0}
  m_PrefabInternal: {fileID: 0}
  serializedVersion: 4
  m_Component:
  - 4: {fileID: 1648018711}
  - 114: {fileID: 1648018710}
  - 114: {fileID: 1648018709}
  - 114: {fileID: 1648018708}
  m_Layer: 0
  m_Name: EventSystem
  m_TagString: Untagged
  m_Icon: {fileID: 0}
  m_NavMeshLayer: 0
  m_StaticEditorFlags: 0
  m_IsActive: 1
--- !u!114 &1648018708
MonoBehaviour:
  m_ObjectHideFlags: 0
  m_PrefabParentObject: {fileID: 0}
  m_PrefabInternal: {fileID: 0}
  m_GameObject: {fileID: 1648018707}
  m_Enabled: 1
  m_EditorHideFlags: 0
  m_Script: {fileID: 1997211142, guid: f5f67c52d1564df4a8936ccd202a3bd8, type: 3}
  m_Name: 
  m_EditorClassIdentifier: 
  m_ForceModuleActive: 0
--- !u!114 &1648018709
MonoBehaviour:
  m_ObjectHideFlags: 0
  m_PrefabParentObject: {fileID: 0}
  m_PrefabInternal: {fileID: 0}
  m_GameObject: {fileID: 1648018707}
  m_Enabled: 1
  m_EditorHideFlags: 0
  m_Script: {fileID: 1077351063, guid: f5f67c52d1564df4a8936ccd202a3bd8, type: 3}
  m_Name: 
  m_EditorClassIdentifier: 
  m_HorizontalAxis: Horizontal
  m_VerticalAxis: Vertical
  m_SubmitButton: Submit
  m_CancelButton: Cancel
  m_InputActionsPerSecond: 10
  m_RepeatDelay: 0.5
  m_ForceModuleActive: 0
--- !u!114 &1648018710
MonoBehaviour:
  m_ObjectHideFlags: 0
  m_PrefabParentObject: {fileID: 0}
  m_PrefabInternal: {fileID: 0}
  m_GameObject: {fileID: 1648018707}
  m_Enabled: 1
  m_EditorHideFlags: 0
  m_Script: {fileID: -619905303, guid: f5f67c52d1564df4a8936ccd202a3bd8, type: 3}
  m_Name: 
  m_EditorClassIdentifier: 
  m_FirstSelected: {fileID: 0}
  m_sendNavigationEvents: 1
  m_DragThreshold: 5
--- !u!4 &1648018711
Transform:
  m_ObjectHideFlags: 0
  m_PrefabParentObject: {fileID: 0}
  m_PrefabInternal: {fileID: 0}
  m_GameObject: {fileID: 1648018707}
  m_LocalRotation: {x: 0, y: 0, z: 0, w: 1}
  m_LocalPosition: {x: 0, y: 0, z: 0}
  m_LocalScale: {x: 1, y: 1, z: 1}
  m_Children: []
  m_Father: {fileID: 0}
  m_RootOrder: 0
--- !u!1001 &1663500747
Prefab:
  m_ObjectHideFlags: 0
  serializedVersion: 2
  m_Modification:
    m_TransformParent: {fileID: 75154506}
    m_Modifications:
    - target: {fileID: 400004, guid: a12f5000fb6c24df9805e5eaddc33993, type: 2}
      propertyPath: m_LocalPosition.x
      value: 12.537358
      objectReference: {fileID: 0}
    - target: {fileID: 400004, guid: a12f5000fb6c24df9805e5eaddc33993, type: 2}
      propertyPath: m_LocalPosition.y
      value: 0.042898655
      objectReference: {fileID: 0}
    - target: {fileID: 400004, guid: a12f5000fb6c24df9805e5eaddc33993, type: 2}
      propertyPath: m_LocalPosition.z
      value: 68.7
      objectReference: {fileID: 0}
    - target: {fileID: 400004, guid: a12f5000fb6c24df9805e5eaddc33993, type: 2}
      propertyPath: m_LocalRotation.x
      value: 0
      objectReference: {fileID: 0}
    - target: {fileID: 400004, guid: a12f5000fb6c24df9805e5eaddc33993, type: 2}
      propertyPath: m_LocalRotation.y
      value: 0
      objectReference: {fileID: 0}
    - target: {fileID: 400004, guid: a12f5000fb6c24df9805e5eaddc33993, type: 2}
      propertyPath: m_LocalRotation.z
      value: 0
      objectReference: {fileID: 0}
    - target: {fileID: 400004, guid: a12f5000fb6c24df9805e5eaddc33993, type: 2}
      propertyPath: m_LocalRotation.w
      value: 1
      objectReference: {fileID: 0}
    - target: {fileID: 2300000, guid: a12f5000fb6c24df9805e5eaddc33993, type: 2}
      propertyPath: m_LightmapIndex
      value: 255
      objectReference: {fileID: 0}
    - target: {fileID: 2300000, guid: a12f5000fb6c24df9805e5eaddc33993, type: 2}
      propertyPath: m_LightmapTilingOffset.x
      value: 1
      objectReference: {fileID: 0}
    - target: {fileID: 2300000, guid: a12f5000fb6c24df9805e5eaddc33993, type: 2}
      propertyPath: m_LightmapTilingOffset.y
      value: 1
      objectReference: {fileID: 0}
    - target: {fileID: 2300000, guid: a12f5000fb6c24df9805e5eaddc33993, type: 2}
      propertyPath: m_LightmapTilingOffset.z
      value: 0
      objectReference: {fileID: 0}
    - target: {fileID: 2300002, guid: a12f5000fb6c24df9805e5eaddc33993, type: 2}
      propertyPath: m_LightmapIndex
      value: 255
      objectReference: {fileID: 0}
    - target: {fileID: 2300002, guid: a12f5000fb6c24df9805e5eaddc33993, type: 2}
      propertyPath: m_LightmapTilingOffset.x
      value: 1
      objectReference: {fileID: 0}
    - target: {fileID: 2300002, guid: a12f5000fb6c24df9805e5eaddc33993, type: 2}
      propertyPath: m_LightmapTilingOffset.y
      value: 1
      objectReference: {fileID: 0}
    - target: {fileID: 2300002, guid: a12f5000fb6c24df9805e5eaddc33993, type: 2}
      propertyPath: m_LightmapTilingOffset.w
      value: 0
      objectReference: {fileID: 0}
    - target: {fileID: 400004, guid: a12f5000fb6c24df9805e5eaddc33993, type: 2}
      propertyPath: m_LocalScale.x
      value: 0.1
      objectReference: {fileID: 0}
    - target: {fileID: 400004, guid: a12f5000fb6c24df9805e5eaddc33993, type: 2}
      propertyPath: m_LocalScale.y
      value: 0.1
      objectReference: {fileID: 0}
    - target: {fileID: 400004, guid: a12f5000fb6c24df9805e5eaddc33993, type: 2}
      propertyPath: m_LocalScale.z
      value: 0.1
      objectReference: {fileID: 0}
    - target: {fileID: 400004, guid: a12f5000fb6c24df9805e5eaddc33993, type: 2}
      propertyPath: m_RootOrder
      value: 3
      objectReference: {fileID: 0}
    - target: {fileID: 100004, guid: a12f5000fb6c24df9805e5eaddc33993, type: 2}
      propertyPath: m_Name
      value: tile05 (1)
      objectReference: {fileID: 0}
    m_RemovedComponents: []
  m_ParentPrefab: {fileID: 100100000, guid: a12f5000fb6c24df9805e5eaddc33993, type: 2}
  m_IsPrefabParent: 0
--- !u!4 &1663500748 stripped
Transform:
  m_PrefabParentObject: {fileID: 400004, guid: a12f5000fb6c24df9805e5eaddc33993, type: 2}
  m_PrefabInternal: {fileID: 1663500747}
--- !u!1 &1881109428
GameObject:
  m_ObjectHideFlags: 0
  m_PrefabParentObject: {fileID: 100040, guid: f8eb00a394ccb4c6997d3ed3c38c5d44, type: 2}
  m_PrefabInternal: {fileID: 0}
  serializedVersion: 4
  m_Component:
  - 4: {fileID: 1881109429}
  - 114: {fileID: 1881109430}
  m_Layer: 0
  m_Name: GameObject
  m_TagString: Untagged
  m_Icon: {fileID: 0}
  m_NavMeshLayer: 0
  m_StaticEditorFlags: 0
  m_IsActive: 1
--- !u!4 &1881109429
Transform:
  m_ObjectHideFlags: 0
  m_PrefabParentObject: {fileID: 400040, guid: f8eb00a394ccb4c6997d3ed3c38c5d44, type: 2}
  m_PrefabInternal: {fileID: 0}
  m_GameObject: {fileID: 1881109428}
  m_LocalRotation: {x: 0, y: 0, z: 0, w: 1}
  m_LocalPosition: {x: -0.32064986, y: 0, z: 1.9773388}
  m_LocalScale: {x: 1, y: 1, z: 1}
  m_Children: []
  m_Father: {fileID: 480817809}
  m_RootOrder: 0
--- !u!114 &1881109430
MonoBehaviour:
  m_ObjectHideFlags: 0
  m_PrefabParentObject: {fileID: 11400022, guid: f8eb00a394ccb4c6997d3ed3c38c5d44,
    type: 2}
  m_PrefabInternal: {fileID: 0}
  m_GameObject: {fileID: 1881109428}
  m_Enabled: 1
  m_EditorHideFlags: 0
  m_Script: {fileID: 11500000, guid: fe243ea428d1d4326a6be04e96822218, type: 3}
  m_Name: 
  m_EditorClassIdentifier: 
  par: 4
--- !u!1 &1901539047
GameObject:
  m_ObjectHideFlags: 0
  m_PrefabParentObject: {fileID: 100004, guid: 6d594cf13c24248169045688348f08a2, type: 2}
  m_PrefabInternal: {fileID: 0}
  serializedVersion: 4
  m_Component:
  - 4: {fileID: 1901539048}
  - 33: {fileID: 1901539050}
  - 23: {fileID: 1901539049}
  m_Layer: 9
  m_Name: Trail
  m_TagString: Untagged
  m_Icon: {fileID: 0}
  m_NavMeshLayer: 0
  m_StaticEditorFlags: 0
  m_IsActive: 1
--- !u!4 &1901539048
Transform:
  m_ObjectHideFlags: 0
  m_PrefabParentObject: {fileID: 400000, guid: 6d594cf13c24248169045688348f08a2, type: 2}
  m_PrefabInternal: {fileID: 0}
  m_GameObject: {fileID: 1901539047}
  m_LocalRotation: {x: 0, y: 0, z: 0, w: 1}
  m_LocalPosition: {x: 0, y: 0, z: 0}
  m_LocalScale: {x: 1, y: 1, z: 1}
  m_Children: []
  m_Father: {fileID: 796565430}
  m_RootOrder: 0
--- !u!23 &1901539049
MeshRenderer:
  m_ObjectHideFlags: 0
  m_PrefabParentObject: {fileID: 2300000, guid: 6d594cf13c24248169045688348f08a2,
    type: 2}
  m_PrefabInternal: {fileID: 0}
  m_GameObject: {fileID: 1901539047}
  m_Enabled: 1
  m_CastShadows: 0
  m_ReceiveShadows: 0
  m_Materials:
  - {fileID: 2100000, guid: d42af26cdf5fb824ba87127b4508e285, type: 2}
  m_SubsetIndices: 
  m_StaticBatchRoot: {fileID: 0}
  m_UseLightProbes: 0
  m_ReflectionProbeUsage: 1
  m_ProbeAnchor: {fileID: 0}
  m_ScaleInLightmap: 1
  m_PreserveUVs: 0
  m_IgnoreNormalsForChartDetection: 0
  m_ImportantGI: 0
  m_MinimumChartSize: 4
  m_AutoUVMaxDistance: 0.5
  m_AutoUVMaxAngle: 89
  m_LightmapParameters: {fileID: 0}
  m_SortingLayerID: 0
  m_SortingOrder: 0
--- !u!33 &1901539050
MeshFilter:
  m_ObjectHideFlags: 0
  m_PrefabParentObject: {fileID: 3300000, guid: 6d594cf13c24248169045688348f08a2,
    type: 2}
  m_PrefabInternal: {fileID: 0}
  m_GameObject: {fileID: 1901539047}
  m_Mesh: {fileID: 4300000, guid: 291b818cfd83d41469b45ba189b3bd88, type: 3}
--- !u!1 &1945556048
GameObject:
  m_ObjectHideFlags: 0
  m_PrefabParentObject: {fileID: 0}
  m_PrefabInternal: {fileID: 0}
  serializedVersion: 4
  m_Component:
  - 4: {fileID: 1945556049}
  - 108: {fileID: 1945556050}
  m_Layer: 0
  m_Name: Directional light
  m_TagString: Untagged
  m_Icon: {fileID: 0}
  m_NavMeshLayer: 0
  m_StaticEditorFlags: 0
  m_IsActive: 1
--- !u!4 &1945556049
Transform:
  m_ObjectHideFlags: 0
  m_PrefabParentObject: {fileID: 0}
  m_PrefabInternal: {fileID: 0}
  m_GameObject: {fileID: 1945556048}
  m_LocalRotation: {x: 0.40821797, y: -0.23456974, z: 0.10938168, w: 0.8754261}
  m_LocalPosition: {x: 0.00003361702, y: 4.6583424, z: 5.604535}
  m_LocalScale: {x: 1, y: 1, z: 1}
  m_Children: []
  m_Father: {fileID: 75154506}
  m_RootOrder: 2
--- !u!108 &1945556050
Light:
  m_ObjectHideFlags: 0
  m_PrefabParentObject: {fileID: 0}
  m_PrefabInternal: {fileID: 0}
  m_GameObject: {fileID: 1945556048}
  m_Enabled: 1
  serializedVersion: 6
  m_Type: 1
  m_Color: {r: 1, g: 1, b: 1, a: 1}
  m_Intensity: 1
  m_Range: 10
  m_SpotAngle: 30
  m_CookieSize: 10
  m_Shadows:
    m_Type: 1
    m_Resolution: -1
    m_Strength: 1
    m_Bias: 0.05
    m_NormalBias: 0.4
    m_NearPlane: 0.2
  m_Cookie: {fileID: 0}
  m_DrawHalo: 0
  m_Flare: {fileID: 0}
  m_RenderMode: 0
  m_CullingMask:
    serializedVersion: 2
    m_Bits: 4294967295
  m_Lightmapping: 1
  m_BounceIntensity: 1
  m_ShadowRadius: 0
  m_ShadowAngle: 0
  m_AreaSize: {x: 1, y: 1}
--- !u!1 &1950030625
GameObject:
  m_ObjectHideFlags: 0
  m_PrefabParentObject: {fileID: 100028, guid: f8eb00a394ccb4c6997d3ed3c38c5d44, type: 2}
  m_PrefabInternal: {fileID: 0}
  serializedVersion: 4
  m_Component:
  - 4: {fileID: 1950030626}
  - 20: {fileID: 1950030628}
  - 92: {fileID: 1950030627}
  m_Layer: 0
  m_Name: Camera
  m_TagString: Untagged
  m_Icon: {fileID: 0}
  m_NavMeshLayer: 0
  m_StaticEditorFlags: 0
  m_IsActive: 1
--- !u!4 &1950030626
Transform:
  m_ObjectHideFlags: 0
  m_PrefabParentObject: {fileID: 400028, guid: f8eb00a394ccb4c6997d3ed3c38c5d44, type: 2}
  m_PrefabInternal: {fileID: 0}
  m_GameObject: {fileID: 1950030625}
  m_LocalRotation: {x: 0.00000023841858, y: 0, z: 0, w: 1}
  m_LocalPosition: {x: 0, y: 0, z: 0}
  m_LocalScale: {x: 1, y: 1, z: 1}
  m_Children: []
  m_Father: {fileID: 198516460}
  m_RootOrder: 0
--- !u!92 &1950030627
Behaviour:
  m_ObjectHideFlags: 0
  m_PrefabParentObject: {fileID: 9200002, guid: f8eb00a394ccb4c6997d3ed3c38c5d44,
    type: 2}
  m_PrefabInternal: {fileID: 0}
  m_GameObject: {fileID: 1950030625}
  m_Enabled: 1
--- !u!20 &1950030628
Camera:
  m_ObjectHideFlags: 0
  m_PrefabParentObject: {fileID: 2000002, guid: f8eb00a394ccb4c6997d3ed3c38c5d44,
    type: 2}
  m_PrefabInternal: {fileID: 0}
  m_GameObject: {fileID: 1950030625}
  m_Enabled: 1
  serializedVersion: 2
  m_ClearFlags: 3
  m_BackGroundColor: {r: 1, g: 1, b: 0.4745098, a: 0.019607844}
  m_NormalizedViewPortRect:
    serializedVersion: 2
    x: 0
    y: 0
    width: 1
    height: 1
  near clip plane: 0.3
  far clip plane: 1000
  field of view: 65
  orthographic: 0
  orthographic size: 100
  m_Depth: 1
  m_CullingMask:
    serializedVersion: 2
    m_Bits: 512
  m_RenderingPath: -1
  m_TargetTexture: {fileID: 0}
  m_TargetDisplay: 0
  m_TargetEye: 3
  m_HDR: 0
  m_OcclusionCulling: 1
  m_StereoConvergence: 10
  m_StereoSeparation: 0.022
  m_StereoMirrorMode: 0
--- !u!1 &2114973898
GameObject:
  m_ObjectHideFlags: 0
  m_PrefabParentObject: {fileID: 100028, guid: f8eb00a394ccb4c6997d3ed3c38c5d44, type: 2}
  m_PrefabInternal: {fileID: 0}
  serializedVersion: 4
  m_Component:
  - 4: {fileID: 2114973899}
  - 20: {fileID: 2114973901}
  - 92: {fileID: 2114973900}
  m_Layer: 0
  m_Name: Camera
  m_TagString: Untagged
  m_Icon: {fileID: 0}
  m_NavMeshLayer: 0
  m_StaticEditorFlags: 0
  m_IsActive: 1
--- !u!4 &2114973899
Transform:
  m_ObjectHideFlags: 0
  m_PrefabParentObject: {fileID: 400028, guid: f8eb00a394ccb4c6997d3ed3c38c5d44, type: 2}
  m_PrefabInternal: {fileID: 0}
  m_GameObject: {fileID: 2114973898}
  m_LocalRotation: {x: 0.00000023841858, y: 0, z: 0, w: 1}
  m_LocalPosition: {x: 0, y: 0, z: 0}
  m_LocalScale: {x: 1, y: 1, z: 1}
  m_Children: []
  m_Father: {fileID: 314474528}
  m_RootOrder: 0
--- !u!92 &2114973900
Behaviour:
  m_ObjectHideFlags: 0
  m_PrefabParentObject: {fileID: 9200002, guid: f8eb00a394ccb4c6997d3ed3c38c5d44,
    type: 2}
  m_PrefabInternal: {fileID: 0}
  m_GameObject: {fileID: 2114973898}
  m_Enabled: 1
--- !u!20 &2114973901
Camera:
  m_ObjectHideFlags: 0
  m_PrefabParentObject: {fileID: 2000002, guid: f8eb00a394ccb4c6997d3ed3c38c5d44,
    type: 2}
  m_PrefabInternal: {fileID: 0}
  m_GameObject: {fileID: 2114973898}
  m_Enabled: 1
  serializedVersion: 2
  m_ClearFlags: 3
  m_BackGroundColor: {r: 1, g: 1, b: 0.4745098, a: 0.019607844}
  m_NormalizedViewPortRect:
    serializedVersion: 2
    x: 0
    y: 0
    width: 1
    height: 1
  near clip plane: 0.3
  far clip plane: 1000
  field of view: 65
  orthographic: 0
  orthographic size: 100
  m_Depth: 1
  m_CullingMask:
    serializedVersion: 2
    m_Bits: 512
  m_RenderingPath: -1
  m_TargetTexture: {fileID: 0}
  m_TargetDisplay: 0
  m_TargetEye: 3
  m_HDR: 0
  m_OcclusionCulling: 1
  m_StereoConvergence: 10
  m_StereoSeparation: 0.022
  m_StereoMirrorMode: 0
--- !u!1001 &2128550026
Prefab:
  m_ObjectHideFlags: 0
  serializedVersion: 2
  m_Modification:
    m_TransformParent: {fileID: 304806581}
    m_Modifications:
    - target: {fileID: 400004, guid: 55275d55d3b904062a94edb227e0037f, type: 2}
      propertyPath: m_LocalPosition.x
      value: 0
      objectReference: {fileID: 0}
    - target: {fileID: 400004, guid: 55275d55d3b904062a94edb227e0037f, type: 2}
      propertyPath: m_LocalPosition.y
      value: -0.3
      objectReference: {fileID: 0}
    - target: {fileID: 400004, guid: 55275d55d3b904062a94edb227e0037f, type: 2}
      propertyPath: m_LocalPosition.z
      value: 256
      objectReference: {fileID: 0}
    - target: {fileID: 400004, guid: 55275d55d3b904062a94edb227e0037f, type: 2}
      propertyPath: m_LocalRotation.x
      value: 0
      objectReference: {fileID: 0}
    - target: {fileID: 400004, guid: 55275d55d3b904062a94edb227e0037f, type: 2}
      propertyPath: m_LocalRotation.y
      value: 0
      objectReference: {fileID: 0}
    - target: {fileID: 400004, guid: 55275d55d3b904062a94edb227e0037f, type: 2}
      propertyPath: m_LocalRotation.z
      value: 0
      objectReference: {fileID: 0}
    - target: {fileID: 400004, guid: 55275d55d3b904062a94edb227e0037f, type: 2}
      propertyPath: m_LocalRotation.w
      value: 1
      objectReference: {fileID: 0}
    - target: {fileID: 100004, guid: 55275d55d3b904062a94edb227e0037f, type: 2}
      propertyPath: m_StaticEditorFlags
      value: 4294967295
      objectReference: {fileID: 0}
    - target: {fileID: 100002, guid: 55275d55d3b904062a94edb227e0037f, type: 2}
      propertyPath: m_StaticEditorFlags
      value: 4294967295
      objectReference: {fileID: 0}
    - target: {fileID: 100000, guid: 55275d55d3b904062a94edb227e0037f, type: 2}
      propertyPath: m_StaticEditorFlags
      value: 4294967295
      objectReference: {fileID: 0}
    - target: {fileID: 2300002, guid: 55275d55d3b904062a94edb227e0037f, type: 2}
      propertyPath: m_LightmapIndex
      value: 255
      objectReference: {fileID: 0}
    - target: {fileID: 2300002, guid: 55275d55d3b904062a94edb227e0037f, type: 2}
      propertyPath: m_LightmapTilingOffset.x
      value: 1
      objectReference: {fileID: 0}
    - target: {fileID: 2300002, guid: 55275d55d3b904062a94edb227e0037f, type: 2}
      propertyPath: m_LightmapTilingOffset.y
      value: 1
      objectReference: {fileID: 0}
    - target: {fileID: 2300002, guid: 55275d55d3b904062a94edb227e0037f, type: 2}
      propertyPath: m_LightmapTilingOffset.z
      value: 0
      objectReference: {fileID: 0}
    - target: {fileID: 2300000, guid: 55275d55d3b904062a94edb227e0037f, type: 2}
      propertyPath: m_LightmapIndex
      value: 255
      objectReference: {fileID: 0}
    - target: {fileID: 2300000, guid: 55275d55d3b904062a94edb227e0037f, type: 2}
      propertyPath: m_LightmapTilingOffset.x
      value: 1
      objectReference: {fileID: 0}
    - target: {fileID: 2300000, guid: 55275d55d3b904062a94edb227e0037f, type: 2}
      propertyPath: m_LightmapTilingOffset.y
      value: 1
      objectReference: {fileID: 0}
    - target: {fileID: 2300000, guid: 55275d55d3b904062a94edb227e0037f, type: 2}
      propertyPath: m_LightmapTilingOffset.z
      value: 0
      objectReference: {fileID: 0}
    - target: {fileID: 2300002, guid: 55275d55d3b904062a94edb227e0037f, type: 2}
      propertyPath: m_LightmapTilingOffset.w
      value: 0
      objectReference: {fileID: 0}
    - target: {fileID: 400004, guid: 55275d55d3b904062a94edb227e0037f, type: 2}
      propertyPath: m_LocalScale.x
      value: 1
      objectReference: {fileID: 0}
    - target: {fileID: 400004, guid: 55275d55d3b904062a94edb227e0037f, type: 2}
      propertyPath: m_LocalScale.y
      value: 1
      objectReference: {fileID: 0}
    - target: {fileID: 400004, guid: 55275d55d3b904062a94edb227e0037f, type: 2}
      propertyPath: m_LocalScale.z
      value: 1
      objectReference: {fileID: 0}
    m_RemovedComponents: []
  m_ParentPrefab: {fileID: 100100000, guid: 55275d55d3b904062a94edb227e0037f, type: 2}
  m_IsPrefabParent: 0
--- !u!4 &2128550027 stripped
Transform:
  m_PrefabParentObject: {fileID: 400004, guid: 55275d55d3b904062a94edb227e0037f, type: 2}
  m_PrefabInternal: {fileID: 2128550026}
