%YAML 1.1
%TAG !u! tag:unity3d.com,2011:
--- !u!29 &1
SceneSettings:
  m_ObjectHideFlags: 0
  m_PVSData: 
  m_PVSObjectsArray: []
  m_PVSPortalsArray: []
  m_OcclusionBakeSettings:
    smallestOccluder: 5
    smallestHole: .25
    backfaceThreshold: 100
--- !u!104 &2
RenderSettings:
  m_ObjectHideFlags: 0
  serializedVersion: 6
  m_Fog: 0
  m_FogColor: {r: .5, g: .5, b: .5, a: 1}
  m_FogMode: 3
  m_FogDensity: .00999999978
  m_LinearFogStart: 0
  m_LinearFogEnd: 300
  m_AmbientSkyColor: {r: .200000003, g: .200000003, b: .200000003, a: 1}
  m_AmbientEquatorColor: {r: .200000003, g: .200000003, b: .200000003, a: 1}
  m_AmbientGroundColor: {r: .200000003, g: .200000003, b: .200000003, a: 1}
  m_AmbientIntensity: 1
  m_AmbientMode: 3
  m_SkyboxMaterial: {fileID: 2100000, guid: 717bd122515ce89499c2f196640de62a, type: 2}
  m_HaloStrength: .5
  m_FlareStrength: 1
  m_FlareFadeSpeed: 3
  m_HaloTexture: {fileID: 0}
  m_SpotCookie: {fileID: 10001, guid: 0000000000000000e000000000000000, type: 0}
  m_DefaultReflectionMode: 0
  m_DefaultReflectionResolution: 128
  m_ReflectionBounces: 1
  m_ReflectionIntensity: 1
  m_CustomReflection: {fileID: 0}
  m_Sun: {fileID: 0}
--- !u!157 &4
LightmapSettings:
  m_ObjectHideFlags: 0
  serializedVersion: 5
  m_GIWorkflowMode: 1
  m_LightmapsMode: 1
  m_GISettings:
    serializedVersion: 2
    m_BounceScale: 1
    m_IndirectOutputScale: 1
    m_AlbedoBoost: 1
    m_TemporalCoherenceThreshold: 1
    m_EnvironmentLightingMode: 0
    m_EnableBakedLightmaps: 1
    m_EnableRealtimeLightmaps: 0
  m_LightmapEditorSettings:
    serializedVersion: 3
    m_Resolution: 1
    m_BakeResolution: 50
    m_TextureWidth: 1024
    m_TextureHeight: 1024
    m_AOMaxDistance: 1
    m_Padding: 2
    m_CompAOExponent: 0
    m_LightmapParameters: {fileID: 0}
    m_TextureCompression: 0
    m_FinalGather: 0
    m_FinalGatherRayCount: 1024
    m_ReflectionCompression: 2
  m_LightmapSnapshot: {fileID: 0}
  m_RuntimeCPUUsage: 25
--- !u!196 &5
NavMeshSettings:
  serializedVersion: 2
  m_ObjectHideFlags: 0
  m_BuildSettings:
    serializedVersion: 2
    agentRadius: .5
    agentHeight: 2
    agentSlope: 45
    agentClimb: .400000006
    ledgeDropHeight: 0
    maxJumpAcrossDistance: 0
    accuratePlacement: 0
    minRegionArea: 2
    cellSize: .166666657
    manualCellSize: 0
  m_NavMeshData: {fileID: 0}
--- !u!1 &118190630
GameObject:
  m_ObjectHideFlags: 0
  m_PrefabParentObject: {fileID: 0}
  m_PrefabInternal: {fileID: 0}
  serializedVersion: 4
  m_Component:
  - 4: {fileID: 118190631}
  m_Layer: 0
  m_Name: World
  m_TagString: Untagged
  m_Icon: {fileID: 0}
  m_NavMeshLayer: 0
  m_StaticEditorFlags: 0
  m_IsActive: 1
--- !u!4 &118190631
Transform:
  m_ObjectHideFlags: 0
  m_PrefabParentObject: {fileID: 0}
  m_PrefabInternal: {fileID: 0}
  m_GameObject: {fileID: 118190630}
  m_LocalRotation: {x: 0, y: 0, z: 0, w: 1}
  m_LocalPosition: {x: 0, y: 0, z: 0}
  m_LocalScale: {x: 1, y: 1, z: 1}
  m_Children:
  - {fileID: 567307981}
  - {fileID: 2005806741}
  - {fileID: 2058665238}
  - {fileID: 919833947}
  - {fileID: 361475968}
  - {fileID: 793540079}
  - {fileID: 580275540}
  - {fileID: 503767038}
  - {fileID: 650096652}
  - {fileID: 909698364}
  - {fileID: 1740907192}
  m_Father: {fileID: 0}
  m_RootOrder: 1
--- !u!1 &168418070
GameObject:
  m_ObjectHideFlags: 0
  m_PrefabParentObject: {fileID: 100038, guid: f8eb00a394ccb4c6997d3ed3c38c5d44, type: 2}
  m_PrefabInternal: {fileID: 0}
  serializedVersion: 4
  m_Component:
  - 4: {fileID: 168418071}
  - 20: {fileID: 168418081}
  - 92: {fileID: 168418080}
  - 124: {fileID: 168418079}
  - 81: {fileID: 168418078}
  - 114: {fileID: 168418077}
  - 114: {fileID: 168418076}
  - 114: {fileID: 168418075}
  - 114: {fileID: 168418074}
  - 114: {fileID: 168418073}
  - 45: {fileID: 168418072}
  m_Layer: 0
  m_Name: Camera
  m_TagString: MainCamera
  m_Icon: {fileID: 0}
  m_NavMeshLayer: 0
  m_StaticEditorFlags: 0
  m_IsActive: 1
--- !u!4 &168418071
Transform:
  m_ObjectHideFlags: 0
  m_PrefabParentObject: {fileID: 400038, guid: f8eb00a394ccb4c6997d3ed3c38c5d44, type: 2}
  m_PrefabInternal: {fileID: 0}
  m_GameObject: {fileID: 168418070}
  m_LocalRotation: {x: .29237169, y: 0, z: 0, w: .956304789}
  m_LocalPosition: {x: 147.873917, y: 44, z: -80}
  m_LocalScale: {x: 1, y: 1, z: 1}
  m_Children:
  - {fileID: 600933427}
  m_Father: {fileID: 1174960836}
  m_RootOrder: 0
--- !u!45 &168418072
Skybox:
  m_ObjectHideFlags: 0
  m_PrefabParentObject: {fileID: 4500000, guid: f8eb00a394ccb4c6997d3ed3c38c5d44,
    type: 2}
  m_PrefabInternal: {fileID: 0}
  m_GameObject: {fileID: 168418070}
  m_Enabled: 0
  m_CustomSkybox: {fileID: 2100000, guid: a2126534b3a11b34e977105bd9e3cc03, type: 2}
--- !u!114 &168418073
MonoBehaviour:
  m_ObjectHideFlags: 0
  m_PrefabParentObject: {fileID: 11400020, guid: f8eb00a394ccb4c6997d3ed3c38c5d44,
    type: 2}
  m_PrefabInternal: {fileID: 0}
  m_GameObject: {fileID: 168418070}
  m_Enabled: 1
  m_EditorHideFlags: 0
  m_Script: {fileID: 11500000, guid: ac58c9593ec1c4012bc3993f069b68c0, type: 3}
  m_Name: 
  m_EditorClassIdentifier: 
  m_on: 0
  rotateTowardsTime: 1
  cameraOffset: {x: 0, y: 45, z: 0}
--- !u!114 &168418074
MonoBehaviour:
  m_ObjectHideFlags: 0
  m_PrefabParentObject: {fileID: 11400012, guid: f8eb00a394ccb4c6997d3ed3c38c5d44,
    type: 2}
  m_PrefabInternal: {fileID: 0}
  m_GameObject: {fileID: 168418070}
  m_Enabled: 1
  m_EditorHideFlags: 0
  m_Script: {fileID: 11500000, guid: 3429607681839490d94b1b0072fb039c, type: 3}
  m_Name: 
  m_EditorClassIdentifier: 
  spinSpeed: 10
  cameraOffset: {x: 30, y: 30, z: 30}
  m_on: 0
--- !u!114 &168418075
MonoBehaviour:
  m_ObjectHideFlags: 0
  m_PrefabParentObject: {fileID: 11400014, guid: f8eb00a394ccb4c6997d3ed3c38c5d44,
    type: 2}
  m_PrefabInternal: {fileID: 0}
  m_GameObject: {fileID: 168418070}
  m_Enabled: 1
  m_EditorHideFlags: 0
  m_Script: {fileID: 11500000, guid: 19ecd15cbe3114b45b21cf37f1d54290, type: 3}
  m_Name: 
  m_EditorClassIdentifier: 
  m_on: 0
  lookSlerp: 5
  zOffset: 5
  yOffset: 2
--- !u!114 &168418076
MonoBehaviour:
  m_ObjectHideFlags: 0
  m_PrefabParentObject: {fileID: 11400016, guid: f8eb00a394ccb4c6997d3ed3c38c5d44,
    type: 2}
  m_PrefabInternal: {fileID: 0}
  m_GameObject: {fileID: 168418070}
  m_Enabled: 1
  m_EditorHideFlags: 0
  m_Script: {fileID: 11500000, guid: 5f0c0d0b8b4ca45e2bf48214d3ed3d29, type: 3}
  m_Name: 
  m_EditorClassIdentifier: 
  cameraOffset: {x: 4, y: 4, z: 0}
  targetOffset: {x: -2, y: 2, z: 0}
  m_on: 0
  rotateTowardsTime: 1
  alphaColor: .300000012
--- !u!114 &168418077
MonoBehaviour:
  m_ObjectHideFlags: 0
  m_PrefabParentObject: {fileID: 11400018, guid: f8eb00a394ccb4c6997d3ed3c38c5d44,
    type: 2}
  m_PrefabInternal: {fileID: 0}
  m_GameObject: {fileID: 168418070}
  m_Enabled: 1
  m_EditorHideFlags: 0
  m_Script: {fileID: 11500000, guid: 2b12effd7f283434898573913b9765df, type: 3}
  m_Name: 
  m_EditorClassIdentifier: 
  spinSpeed: 10
  cameraOffset: {x: 30, y: 30, z: 30}
  m_on: 0
--- !u!81 &168418078
AudioListener:
  m_ObjectHideFlags: 0
  m_PrefabParentObject: {fileID: 8100000, guid: f8eb00a394ccb4c6997d3ed3c38c5d44,
    type: 2}
  m_PrefabInternal: {fileID: 0}
  m_GameObject: {fileID: 168418070}
  m_Enabled: 1
--- !u!124 &168418079
Behaviour:
  m_ObjectHideFlags: 0
  m_PrefabParentObject: {fileID: 12400000, guid: f8eb00a394ccb4c6997d3ed3c38c5d44,
    type: 2}
  m_PrefabInternal: {fileID: 0}
  m_GameObject: {fileID: 168418070}
  m_Enabled: 1
--- !u!92 &168418080
Behaviour:
  m_ObjectHideFlags: 0
  m_PrefabParentObject: {fileID: 9200004, guid: f8eb00a394ccb4c6997d3ed3c38c5d44,
    type: 2}
  m_PrefabInternal: {fileID: 0}
  m_GameObject: {fileID: 168418070}
  m_Enabled: 1
--- !u!20 &168418081
Camera:
  m_ObjectHideFlags: 0
  m_PrefabParentObject: {fileID: 2000004, guid: f8eb00a394ccb4c6997d3ed3c38c5d44,
    type: 2}
  m_PrefabInternal: {fileID: 0}
  m_GameObject: {fileID: 168418070}
  m_Enabled: 1
  serializedVersion: 2
  m_ClearFlags: 1
  m_BackGroundColor: {r: 1, g: 1, b: 1, a: .0196078438}
  m_NormalizedViewPortRect:
    serializedVersion: 2
    x: 0
    y: 0
    width: 1
    height: 1
  near clip plane: .300000012
  far clip plane: 1000
  field of view: 65
  orthographic: 0
  orthographic size: 100
  m_Depth: -1
  m_CullingMask:
    serializedVersion: 2
    m_Bits: 4294964735
  m_RenderingPath: -1
  m_TargetTexture: {fileID: 0}
  m_TargetDisplay: 0
  m_TargetEye: 3
  m_HDR: 0
  m_OcclusionCulling: 1
  m_StereoConvergence: 10
  m_StereoSeparation: .0219999999
  m_StereoMirrorMode: 0
--- !u!1 &197218217
GameObject:
  m_ObjectHideFlags: 0
  m_PrefabParentObject: {fileID: 100004, guid: 6d594cf13c24248169045688348f08a2, type: 2}
  m_PrefabInternal: {fileID: 0}
  serializedVersion: 4
  m_Component:
  - 4: {fileID: 197218218}
  - 33: {fileID: 197218220}
  - 23: {fileID: 197218219}
  m_Layer: 9
  m_Name: Trail
  m_TagString: Untagged
  m_Icon: {fileID: 0}
  m_NavMeshLayer: 0
  m_StaticEditorFlags: 0
  m_IsActive: 1
--- !u!4 &197218218
Transform:
  m_ObjectHideFlags: 0
  m_PrefabParentObject: {fileID: 400000, guid: 6d594cf13c24248169045688348f08a2, type: 2}
  m_PrefabInternal: {fileID: 0}
  m_GameObject: {fileID: 197218217}
  m_LocalRotation: {x: 0, y: 0, z: 0, w: 1}
  m_LocalPosition: {x: 0, y: 0, z: 0}
  m_LocalScale: {x: 1, y: 1, z: 1}
  m_Children: []
  m_Father: {fileID: 1779307414}
  m_RootOrder: 0
--- !u!23 &197218219
MeshRenderer:
  m_ObjectHideFlags: 0
  m_PrefabParentObject: {fileID: 2300000, guid: 6d594cf13c24248169045688348f08a2,
    type: 2}
  m_PrefabInternal: {fileID: 0}
  m_GameObject: {fileID: 197218217}
  m_Enabled: 1
  m_CastShadows: 0
  m_ReceiveShadows: 0
  m_Materials:
  - {fileID: 2100000, guid: d42af26cdf5fb824ba87127b4508e285, type: 2}
  m_SubsetIndices: 
  m_StaticBatchRoot: {fileID: 0}
  m_UseLightProbes: 0
  m_ReflectionProbeUsage: 1
  m_ProbeAnchor: {fileID: 0}
  m_ScaleInLightmap: 1
  m_PreserveUVs: 0
  m_ImportantGI: 0
  m_AutoUVMaxDistance: .5
  m_AutoUVMaxAngle: 89
  m_LightmapParameters: {fileID: 0}
  m_SortingLayerID: 0
  m_SortingOrder: 0
--- !u!33 &197218220
MeshFilter:
  m_ObjectHideFlags: 0
  m_PrefabParentObject: {fileID: 3300000, guid: 6d594cf13c24248169045688348f08a2,
    type: 2}
  m_PrefabInternal: {fileID: 0}
  m_GameObject: {fileID: 197218217}
  m_Mesh: {fileID: 4300000, guid: 291b818cfd83d41469b45ba189b3bd88, type: 3}
--- !u!1 &238955249
GameObject:
  m_ObjectHideFlags: 0
  m_PrefabParentObject: {fileID: 100028, guid: f8eb00a394ccb4c6997d3ed3c38c5d44, type: 2}
  m_PrefabInternal: {fileID: 0}
  serializedVersion: 4
  m_Component:
  - 4: {fileID: 238955250}
  - 20: {fileID: 238955252}
  - 92: {fileID: 238955251}
  m_Layer: 0
  m_Name: Camera
  m_TagString: Untagged
  m_Icon: {fileID: 0}
  m_NavMeshLayer: 0
  m_StaticEditorFlags: 0
  m_IsActive: 1
--- !u!4 &238955250
Transform:
  m_ObjectHideFlags: 0
  m_PrefabParentObject: {fileID: 400028, guid: f8eb00a394ccb4c6997d3ed3c38c5d44, type: 2}
  m_PrefabInternal: {fileID: 0}
  m_GameObject: {fileID: 238955249}
  m_LocalRotation: {x: 2.38418579e-07, y: 0, z: 0, w: 1}
  m_LocalPosition: {x: 0, y: 0, z: 0}
  m_LocalScale: {x: 1, y: 1, z: 1}
  m_Children: []
  m_Father: {fileID: 1528816650}
  m_RootOrder: 0
--- !u!92 &238955251
Behaviour:
  m_ObjectHideFlags: 0
  m_PrefabParentObject: {fileID: 9200002, guid: f8eb00a394ccb4c6997d3ed3c38c5d44,
    type: 2}
  m_PrefabInternal: {fileID: 0}
  m_GameObject: {fileID: 238955249}
  m_Enabled: 1
--- !u!20 &238955252
Camera:
  m_ObjectHideFlags: 0
  m_PrefabParentObject: {fileID: 2000002, guid: f8eb00a394ccb4c6997d3ed3c38c5d44,
    type: 2}
  m_PrefabInternal: {fileID: 0}
  m_GameObject: {fileID: 238955249}
  m_Enabled: 1
  serializedVersion: 2
  m_ClearFlags: 3
  m_BackGroundColor: {r: 1, g: 1, b: .474509805, a: .0196078438}
  m_NormalizedViewPortRect:
    serializedVersion: 2
    x: 0
    y: 0
    width: 1
    height: 1
  near clip plane: .300000012
  far clip plane: 1000
  field of view: 65
  orthographic: 0
  orthographic size: 100
  m_Depth: 1
  m_CullingMask:
    serializedVersion: 2
    m_Bits: 512
  m_RenderingPath: -1
  m_TargetTexture: {fileID: 0}
  m_TargetDisplay: 0
  m_TargetEye: 3
  m_HDR: 0
  m_OcclusionCulling: 1
  m_StereoConvergence: 10
  m_StereoSeparation: .0219999999
  m_StereoMirrorMode: 0
--- !u!1 &331475407
GameObject:
  m_ObjectHideFlags: 0
  m_PrefabParentObject: {fileID: 100004, guid: 55275d55d3b904062a94edb227e0037f, type: 2}
  m_PrefabInternal: {fileID: 0}
  serializedVersion: 4
  m_Component:
  - 4: {fileID: 331475408}
  - 95: {fileID: 331475409}
  m_Layer: 0
  m_Name: tile10
  m_TagString: Untagged
  m_Icon: {fileID: 0}
  m_NavMeshLayer: 0
  m_StaticEditorFlags: 4294967295
  m_IsActive: 1
--- !u!4 &331475408
Transform:
  m_ObjectHideFlags: 0
  m_PrefabParentObject: {fileID: 400004, guid: 55275d55d3b904062a94edb227e0037f, type: 2}
  m_PrefabInternal: {fileID: 0}
  m_GameObject: {fileID: 331475407}
  m_LocalRotation: {x: 0, y: 0, z: 0, w: 1}
  m_LocalPosition: {x: 0, y: 0, z: 256}
  m_LocalScale: {x: 1, y: 1, z: 1}
  m_Children:
  - {fileID: 1435146408}
  m_Father: {fileID: 919833947}
  m_RootOrder: 0
--- !u!95 &331475409
Animator:
  serializedVersion: 3
  m_ObjectHideFlags: 0
  m_PrefabParentObject: {fileID: 9500000, guid: 55275d55d3b904062a94edb227e0037f,
    type: 2}
  m_PrefabInternal: {fileID: 0}
  m_GameObject: {fileID: 331475407}
  m_Enabled: 1
  m_Avatar: {fileID: 9000000, guid: 52bd6ed38de9947388a8b569567f876b, type: 3}
  m_Controller: {fileID: 0}
  m_CullingMode: 1
  m_UpdateMode: 0
  m_ApplyRootMotion: 1
  m_LinearVelocityBlending: 0
  m_WarningMessage: 
  m_HasTransformHierarchy: 1
  m_AllowConstantClipSamplingOptimization: 1
--- !u!1001 &335418940
Prefab:
  m_ObjectHideFlags: 0
  serializedVersion: 2
  m_Modification:
    m_TransformParent: {fileID: 919833947}
    m_Modifications:
    - target: {fileID: 400006, guid: ac9437f19ec3c4969869e404a06e67c1, type: 2}
      propertyPath: m_LocalPosition.x
      value: 0
      objectReference: {fileID: 0}
    - target: {fileID: 400006, guid: ac9437f19ec3c4969869e404a06e67c1, type: 2}
      propertyPath: m_LocalPosition.y
      value: 0
      objectReference: {fileID: 0}
    - target: {fileID: 400006, guid: ac9437f19ec3c4969869e404a06e67c1, type: 2}
      propertyPath: m_LocalPosition.z
      value: 128
      objectReference: {fileID: 0}
    - target: {fileID: 400006, guid: ac9437f19ec3c4969869e404a06e67c1, type: 2}
      propertyPath: m_LocalRotation.x
      value: 0
      objectReference: {fileID: 0}
    - target: {fileID: 400006, guid: ac9437f19ec3c4969869e404a06e67c1, type: 2}
      propertyPath: m_LocalRotation.y
      value: 0
      objectReference: {fileID: 0}
    - target: {fileID: 400006, guid: ac9437f19ec3c4969869e404a06e67c1, type: 2}
      propertyPath: m_LocalRotation.z
      value: 0
      objectReference: {fileID: 0}
    - target: {fileID: 400006, guid: ac9437f19ec3c4969869e404a06e67c1, type: 2}
      propertyPath: m_LocalRotation.w
      value: 1
      objectReference: {fileID: 0}
    - target: {fileID: 2300000, guid: ac9437f19ec3c4969869e404a06e67c1, type: 2}
      propertyPath: m_LightmapIndex
      value: 255
      objectReference: {fileID: 0}
    - target: {fileID: 2300000, guid: ac9437f19ec3c4969869e404a06e67c1, type: 2}
      propertyPath: m_LightmapTilingOffset.x
      value: 1
      objectReference: {fileID: 0}
    - target: {fileID: 2300000, guid: ac9437f19ec3c4969869e404a06e67c1, type: 2}
      propertyPath: m_LightmapTilingOffset.y
      value: 1
      objectReference: {fileID: 0}
    - target: {fileID: 2300000, guid: ac9437f19ec3c4969869e404a06e67c1, type: 2}
      propertyPath: m_LightmapTilingOffset.w
      value: 0
      objectReference: {fileID: 0}
    - target: {fileID: 2300004, guid: ac9437f19ec3c4969869e404a06e67c1, type: 2}
      propertyPath: m_LightmapIndex
      value: 255
      objectReference: {fileID: 0}
    - target: {fileID: 2300004, guid: ac9437f19ec3c4969869e404a06e67c1, type: 2}
      propertyPath: m_LightmapTilingOffset.x
      value: 1
      objectReference: {fileID: 0}
    - target: {fileID: 2300004, guid: ac9437f19ec3c4969869e404a06e67c1, type: 2}
      propertyPath: m_LightmapTilingOffset.y
      value: 1
      objectReference: {fileID: 0}
    - target: {fileID: 2300004, guid: ac9437f19ec3c4969869e404a06e67c1, type: 2}
      propertyPath: m_LightmapTilingOffset.z
      value: 0
      objectReference: {fileID: 0}
    - target: {fileID: 2300002, guid: ac9437f19ec3c4969869e404a06e67c1, type: 2}
      propertyPath: m_LightmapIndex
      value: 255
      objectReference: {fileID: 0}
    - target: {fileID: 2300002, guid: ac9437f19ec3c4969869e404a06e67c1, type: 2}
      propertyPath: m_LightmapTilingOffset.x
      value: 1
      objectReference: {fileID: 0}
    - target: {fileID: 2300002, guid: ac9437f19ec3c4969869e404a06e67c1, type: 2}
      propertyPath: m_LightmapTilingOffset.y
      value: 1
      objectReference: {fileID: 0}
    - target: {fileID: 2300002, guid: ac9437f19ec3c4969869e404a06e67c1, type: 2}
      propertyPath: m_LightmapTilingOffset.z
      value: 0
      objectReference: {fileID: 0}
    - target: {fileID: 2300000, guid: ac9437f19ec3c4969869e404a06e67c1, type: 2}
      propertyPath: m_LightmapTilingOffset.z
      value: 0
      objectReference: {fileID: 0}
    - target: {fileID: 2300002, guid: ac9437f19ec3c4969869e404a06e67c1, type: 2}
      propertyPath: m_LightmapTilingOffset.w
      value: 0
      objectReference: {fileID: 0}
    - target: {fileID: 400006, guid: ac9437f19ec3c4969869e404a06e67c1, type: 2}
      propertyPath: m_RootOrder
      value: 2
      objectReference: {fileID: 0}
    - target: {fileID: 400006, guid: ac9437f19ec3c4969869e404a06e67c1, type: 2}
      propertyPath: m_LocalScale.x
      value: 1
      objectReference: {fileID: 0}
    - target: {fileID: 400006, guid: ac9437f19ec3c4969869e404a06e67c1, type: 2}
      propertyPath: m_LocalScale.y
      value: 1
      objectReference: {fileID: 0}
    - target: {fileID: 400006, guid: ac9437f19ec3c4969869e404a06e67c1, type: 2}
      propertyPath: m_LocalScale.z
      value: 1
      objectReference: {fileID: 0}
    m_RemovedComponents: []
  m_ParentPrefab: {fileID: 100100000, guid: ac9437f19ec3c4969869e404a06e67c1, type: 2}
  m_IsPrefabParent: 0
--- !u!4 &335418941 stripped
Transform:
  m_PrefabParentObject: {fileID: 400006, guid: ac9437f19ec3c4969869e404a06e67c1, type: 2}
  m_PrefabInternal: {fileID: 335418940}
--- !u!1 &361475967
GameObject:
  m_ObjectHideFlags: 0
  m_PrefabParentObject: {fileID: 100006, guid: 6d594cf13c24248169045688348f08a2, type: 2}
  m_PrefabInternal: {fileID: 0}
  serializedVersion: 4
  m_Component:
  - 4: {fileID: 361475968}
  - 95: {fileID: 361475969}
  m_Layer: 0
  m_Name: tile20 (1)
  m_TagString: Untagged
  m_Icon: {fileID: 0}
  m_NavMeshLayer: 0
  m_StaticEditorFlags: 4294967295
  m_IsActive: 1
--- !u!4 &361475968
Transform:
  m_ObjectHideFlags: 0
  m_PrefabParentObject: {fileID: 400006, guid: 6d594cf13c24248169045688348f08a2, type: 2}
  m_PrefabInternal: {fileID: 0}
  m_GameObject: {fileID: 361475967}
  m_LocalRotation: {x: 0, y: -.707106829, z: 0, w: .707106829}
  m_LocalPosition: {x: 2.75377655, y: 0, z: 28.4763947}
  m_LocalScale: {x: .100000001, y: .100000001, z: .100000001}
  m_Children:
  - {fileID: 1305435315}
  m_Father: {fileID: 118190631}
  m_RootOrder: 4
--- !u!95 &361475969
Animator:
  serializedVersion: 3
  m_ObjectHideFlags: 0
  m_PrefabParentObject: {fileID: 9500000, guid: 6d594cf13c24248169045688348f08a2,
    type: 2}
  m_PrefabInternal: {fileID: 0}
  m_GameObject: {fileID: 361475967}
  m_Enabled: 1
  m_Avatar: {fileID: 9000000, guid: 8c19ff53c398941b58f3e74cd19822c3, type: 3}
  m_Controller: {fileID: 0}
  m_CullingMode: 1
  m_UpdateMode: 0
  m_ApplyRootMotion: 1
  m_LinearVelocityBlending: 0
  m_WarningMessage: 
  m_HasTransformHierarchy: 1
  m_AllowConstantClipSamplingOptimization: 1
--- !u!1 &503767037
GameObject:
  m_ObjectHideFlags: 0
  m_PrefabParentObject: {fileID: 100000, guid: 6d594cf13c24248169045688348f08a2, type: 2}
  m_PrefabInternal: {fileID: 0}
  serializedVersion: 4
  m_Component:
  - 4: {fileID: 503767038}
  - 33: {fileID: 503767045}
  - 23: {fileID: 503767044}
  - 114: {fileID: 503767043}
  - 54: {fileID: 503767042}
  - 82: {fileID: 503767041}
  - 135: {fileID: 503767040}
  - 114: {fileID: 503767039}
  m_Layer: 12
  m_Name: Ball
  m_TagString: Player
  m_Icon: {fileID: 0}
  m_NavMeshLayer: 0
  m_StaticEditorFlags: 0
  m_IsActive: 1
--- !u!4 &503767038
Transform:
  m_ObjectHideFlags: 0
  m_PrefabParentObject: {fileID: 400004, guid: 6d594cf13c24248169045688348f08a2, type: 2}
  m_PrefabInternal: {fileID: 0}
  m_GameObject: {fileID: 503767037}
  m_LocalRotation: {x: 0, y: .742807627, z: 0, w: .669505}
  m_LocalPosition: {x: -2.549582, y: 3.43935108, z: 41.1692123}
  m_LocalScale: {x: 1, y: 1, z: 1}
  m_Children:
  - {fileID: 1779307414}
  m_Father: {fileID: 118190631}
  m_RootOrder: 7
--- !u!114 &503767039
MonoBehaviour:
  m_ObjectHideFlags: 0
  m_PrefabParentObject: {fileID: 11400000, guid: 6d594cf13c24248169045688348f08a2,
    type: 2}
  m_PrefabInternal: {fileID: 0}
  m_GameObject: {fileID: 503767037}
  m_Enabled: 1
  m_EditorHideFlags: 0
  m_Script: {fileID: 11500000, guid: a2816d47e7d2d493dab89bbbc033df60, type: 3}
  m_Name: 
  m_EditorClassIdentifier: 
  volScalar: 1
  useUpdate: 1
--- !u!135 &503767040
SphereCollider:
  m_ObjectHideFlags: 0
  m_PrefabParentObject: {fileID: 13500000, guid: 6d594cf13c24248169045688348f08a2,
    type: 2}
  m_PrefabInternal: {fileID: 0}
  m_GameObject: {fileID: 503767037}
  m_Material: {fileID: 13400000, guid: cbc45ef4418608e43a58b4b4d3afff3e, type: 2}
  m_IsTrigger: 0
  m_Enabled: 1
  serializedVersion: 2
  m_Radius: .213
  m_Center: {x: 0, y: 0, z: 0}
--- !u!82 &503767041
AudioSource:
  m_ObjectHideFlags: 0
  m_PrefabParentObject: {fileID: 8200000, guid: 6d594cf13c24248169045688348f08a2,
    type: 2}
  m_PrefabInternal: {fileID: 0}
  m_GameObject: {fileID: 503767037}
  m_Enabled: 1
  serializedVersion: 4
  OutputAudioMixerGroup: {fileID: 0}
  m_audioClip: {fileID: 0}
  m_PlayOnAwake: 0
  m_Volume: 1
  m_Pitch: 1
  Loop: 0
  Mute: 0
  Spatialize: 0
  Priority: 128
  DopplerLevel: 1
  MinDistance: 1
  MaxDistance: 500
  Pan2D: 0
  rolloffMode: 2
  BypassEffects: 0
  BypassListenerEffects: 0
  BypassReverbZones: 0
  rolloffCustomCurve:
    serializedVersion: 2
    m_Curve:
    - time: 0
      value: 1
      inSlope: 7.00649232e-43
      outSlope: 4.62427991e-36
      tangentMode: 0
    - time: .000200000009
      value: 1
      inSlope: 0
      outSlope: 0
      tangentMode: 0
    - time: .000400000019
      value: 1
      inSlope: 0
      outSlope: 0
      tangentMode: 0
    - time: .000800000038
      value: 1
      inSlope: 0
      outSlope: 0
      tangentMode: 0
    - time: .00160000008
      value: 1
      inSlope: 0
      outSlope: 0
      tangentMode: 0
    - time: .00320000015
      value: .943396211
      inSlope: -45.1818085
      outSlope: -43.8380966
      tangentMode: 0
    - time: .0064000003
      value: .819672108
      inSlope: -34.4980507
      outSlope: -32.7344971
      tangentMode: 0
    - time: .0128000006
      value: .649350643
      inSlope: -21.996954
      outSlope: -20.2415962
      tangentMode: 0
    - time: .0256000012
      value: .458715588
      inSlope: -11.1772795
      outSlope: -9.93751431
      tangentMode: 0
    - time: .0512000024
      value: .289017349
      inSlope: -4.51025534
      outSlope: -3.88882446
      tangentMode: 0
    - time: .102400005
      value: .166112959
      inSlope: -1.50792325
      outSlope: -1.2715317
      tangentMode: 0
    - time: .20480001
      value: .0897666067
      inSlope: -.443686068
      outSlope: -.368984908
      tangentMode: 0
    - time: .409600019
      value: .0467726849
      inSlope: -.120972067
      outSlope: -.0998222232
      tangentMode: 0
    - time: .819200039
      value: .0238891542
      inSlope: -.0316295177
      outSlope: -.0259913355
      tangentMode: 0
    - time: 1
      value: .0196463652
      inSlope: 7.00649232e-43
      outSlope: 4.62427991e-36
      tangentMode: 0
    m_PreInfinity: 2
    m_PostInfinity: 2
  panLevelCustomCurve:
    serializedVersion: 2
    m_Curve:
    - time: 0
      value: 1
      inSlope: 0
      outSlope: 0
      tangentMode: 0
    m_PreInfinity: 2
    m_PostInfinity: 2
  spreadCustomCurve:
    serializedVersion: 2
    m_Curve:
    - time: 0
      value: 0
      inSlope: 0
      outSlope: 0
      tangentMode: 0
    m_PreInfinity: 2
    m_PostInfinity: 2
  reverbZoneMixCustomCurve:
    serializedVersion: 2
    m_Curve:
    - time: 0
      value: 1
      inSlope: 0
      outSlope: 0
      tangentMode: 0
    m_PreInfinity: 2
    m_PostInfinity: 2
--- !u!54 &503767042
Rigidbody:
  m_ObjectHideFlags: 0
  m_PrefabParentObject: {fileID: 5400000, guid: 6d594cf13c24248169045688348f08a2,
    type: 2}
  m_PrefabInternal: {fileID: 0}
  m_GameObject: {fileID: 503767037}
  serializedVersion: 2
  m_Mass: 3.83999991
  m_Drag: .100000001
  m_AngularDrag: .100000001
  m_UseGravity: 1
  m_IsKinematic: 0
  m_Interpolate: 1
  m_Constraints: 0
  m_CollisionDetection: 1
--- !u!114 &503767043
MonoBehaviour:
  m_ObjectHideFlags: 0
  m_PrefabParentObject: {fileID: 11400002, guid: 6d594cf13c24248169045688348f08a2,
    type: 2}
  m_PrefabInternal: {fileID: 0}
  m_GameObject: {fileID: 503767037}
  m_Enabled: 1
  m_EditorHideFlags: 0
  m_Script: {fileID: 11500000, guid: 2d8a28e8d7bcd4f38a64fc3fca23a649, type: 3}
  m_Name: 
  m_EditorClassIdentifier: 
  fireButtonTex: {fileID: 2800000, guid: ae3d7049cbf2a421e8240105070db2b3, type: 3}
  initalMode: 1
  m_ballMode: 0
  rotateSpeed: 1.5
  minPower: .00625000009
  maxPower: 1
  powerScale: .100000001
  m_currentPower: 0
  ballForce: 17500
  fallTime: 2
  minRollTime: 1.20000005
  maxRollTime: 3
  minVelocity: .0500000007
  minAngularVelocity: 5.5999999
  requiredStoppedTime: 1
  greenTex: {fileID: 2800000, guid: df067abbabd2a463b9382ba5bde158de, type: 3}
  redTex: {fileID: 2800000, guid: be5689c36f3e7416aa807a38f0dee5ca, type: 3}
  wallHitAC: {fileID: 8300000, guid: 215377022702b43bbb0dc4ad2e148965, type: 3}
  strokeAC: {fileID: 8300000, guid: a7004710a1250429c97cedf4b3611914, type: 3}
  slowDownDrag: 1.25
  slowDownAngularDrag: .5
  useSuperBounce: 0
  wallBoostTime: 1
  wallBoostScalar: 1.25
  ballPhysicsMat: {fileID: 13400000, guid: cbc45ef4418608e43a58b4b4d3afff3e, type: 2}
  onTeeSpeed: 12
  teeBounds: {x: -2, y: 2, z: -1, w: 1}
  onWallHitGO: {fileID: 100000, guid: 9c5bd6070cd5d481abdb8755ff51fd7a, type: 2}
  onWaterHitGO: {fileID: 100000, guid: caf20877f7cce4351a9b1cfef8dcd186, type: 2}
  birdsEye: {fileID: 0}
  powerSpeedChange: .550000012
  repeatButtonGS:
    m_Name: 
    m_Normal:
      m_Background: {fileID: 0}
      m_TextColor: {r: 0, g: 0, b: 0, a: 1}
    m_Hover:
      m_Background: {fileID: 0}
      m_TextColor: {r: 0, g: 0, b: 0, a: 1}
    m_Active:
      m_Background: {fileID: 0}
      m_TextColor: {r: 0, g: 0, b: 0, a: 1}
    m_Focused:
      m_Background: {fileID: 0}
      m_TextColor: {r: 0, g: 0, b: 0, a: 1}
    m_OnNormal:
      m_Background: {fileID: 0}
      m_TextColor: {r: 0, g: 0, b: 0, a: 1}
    m_OnHover:
      m_Background: {fileID: 0}
      m_TextColor: {r: 0, g: 0, b: 0, a: 1}
    m_OnActive:
      m_Background: {fileID: 0}
      m_TextColor: {r: 0, g: 0, b: 0, a: 1}
    m_OnFocused:
      m_Background: {fileID: 0}
      m_TextColor: {r: 0, g: 0, b: 0, a: 1}
    m_Border:
      m_Left: 0
      m_Right: 0
      m_Top: 0
      m_Bottom: 0
    m_Margin:
      m_Left: 0
      m_Right: 0
      m_Top: 0
      m_Bottom: 0
    m_Padding:
      m_Left: 0
      m_Right: 0
      m_Top: 0
      m_Bottom: 0
    m_Overflow:
      m_Left: 0
      m_Right: 0
      m_Top: 0
      m_Bottom: 0
    m_Font: {fileID: 0}
    m_FontSize: 0
    m_FontStyle: 0
    m_Alignment: 0
    m_WordWrap: 0
    m_RichText: 1
    m_TextClipping: 0
    m_ImagePosition: 0
    m_ContentOffset: {x: 0, y: 0}
    m_FixedWidth: 0
    m_FixedHeight: 0
    m_StretchWidth: 1
    m_StretchHeight: 0
  aimDisabled: 0
--- !u!23 &503767044
MeshRenderer:
  m_ObjectHideFlags: 0
  m_PrefabParentObject: {fileID: 2300002, guid: 6d594cf13c24248169045688348f08a2,
    type: 2}
  m_PrefabInternal: {fileID: 0}
  m_GameObject: {fileID: 503767037}
  m_Enabled: 1
  m_CastShadows: 0
  m_ReceiveShadows: 1
  m_Materials:
  - {fileID: 2100000, guid: d3443ac707f3e5347a390c0eda90c81a, type: 2}
  m_SubsetIndices: 
  m_StaticBatchRoot: {fileID: 0}
  m_UseLightProbes: 0
  m_ReflectionProbeUsage: 1
  m_ProbeAnchor: {fileID: 0}
  m_ScaleInLightmap: 1
  m_PreserveUVs: 0
  m_ImportantGI: 0
  m_AutoUVMaxDistance: .5
  m_AutoUVMaxAngle: 89
  m_LightmapParameters: {fileID: 0}
  m_SortingLayerID: 0
  m_SortingOrder: 0
--- !u!33 &503767045
MeshFilter:
  m_ObjectHideFlags: 0
  m_PrefabParentObject: {fileID: 3300002, guid: 6d594cf13c24248169045688348f08a2,
    type: 2}
  m_PrefabInternal: {fileID: 0}
  m_GameObject: {fileID: 503767037}
  m_Mesh: {fileID: 4300000, guid: 08feb961463a3534fac0e17a47ff75a9, type: 3}
--- !u!1 &567307980
GameObject:
  m_ObjectHideFlags: 0
  m_PrefabParentObject: {fileID: 0}
  m_PrefabInternal: {fileID: 0}
  serializedVersion: 4
  m_Component:
  - 4: {fileID: 567307981}
  - 218: {fileID: 567307983}
  - 154: {fileID: 567307982}
  m_Layer: 0
  m_Name: Terrain
  m_TagString: Untagged
  m_Icon: {fileID: 0}
  m_NavMeshLayer: 0
  m_StaticEditorFlags: 4294967295
  m_IsActive: 1
--- !u!4 &567307981
Transform:
  m_ObjectHideFlags: 0
  m_PrefabParentObject: {fileID: 0}
  m_PrefabInternal: {fileID: 0}
  m_GameObject: {fileID: 567307980}
  m_LocalRotation: {x: 0, y: 0, z: 0, w: 1}
  m_LocalPosition: {x: -47.4477081, y: 0, z: -36.9668808}
  m_LocalScale: {x: 1, y: 1, z: 1}
  m_Children: []
  m_Father: {fileID: 118190631}
  m_RootOrder: 0
--- !u!154 &567307982
TerrainCollider:
  m_ObjectHideFlags: 0
  m_PrefabParentObject: {fileID: 0}
  m_PrefabInternal: {fileID: 0}
  m_GameObject: {fileID: 567307980}
  m_Material: {fileID: 0}
  m_Enabled: 0
  m_TerrainData: {fileID: 15600000, guid: 30c90b637fda20f46a1637bb1d62eecc, type: 2}
  m_EnableTreeColliders: 1
--- !u!218 &567307983
Terrain:
  m_ObjectHideFlags: 0
  m_PrefabParentObject: {fileID: 0}
  m_PrefabInternal: {fileID: 0}
  m_GameObject: {fileID: 567307980}
  m_Enabled: 1
  serializedVersion: 3
  m_TerrainData: {fileID: 15600000, guid: 30c90b637fda20f46a1637bb1d62eecc, type: 2}
  m_TreeDistance: 5000
  m_TreeBillboardDistance: 50
  m_TreeCrossFadeLength: 5
  m_TreeMaximumFullLODCount: 50
  m_DetailObjectDistance: 80
  m_DetailObjectDensity: 1
  m_HeightmapPixelError: 5
  m_SplatMapDistance: 1000
  m_HeightmapMaximumLOD: 0
  m_CastShadows: 1
  m_DrawHeightmap: 1
  m_DrawTreesAndFoliage: 1
  m_ReflectionProbeUsage: 1
  m_MaterialType: 1
  m_LegacySpecular:
    serializedVersion: 2
    rgba: 4286545791
  m_LegacyShininess: .078125
  m_MaterialTemplate: {fileID: 0}
  m_BakeLightProbesForTrees: 1
  m_ScaleInLightmap: 1
  m_LightmapParameters: {fileID: 15203, guid: 0000000000000000f000000000000000, type: 0}
--- !u!1 &580275539
GameObject:
  m_ObjectHideFlags: 0
  m_PrefabParentObject: {fileID: 100006, guid: 6d594cf13c24248169045688348f08a2, type: 2}
  m_PrefabInternal: {fileID: 0}
  serializedVersion: 4
  m_Component:
  - 4: {fileID: 580275540}
  - 95: {fileID: 580275541}
  m_Layer: 0
  m_Name: tile20
  m_TagString: Untagged
  m_Icon: {fileID: 0}
  m_NavMeshLayer: 0
  m_StaticEditorFlags: 4294967295
  m_IsActive: 1
--- !u!4 &580275540
Transform:
  m_ObjectHideFlags: 0
  m_PrefabParentObject: {fileID: 400006, guid: 6d594cf13c24248169045688348f08a2, type: 2}
  m_PrefabInternal: {fileID: 0}
  m_GameObject: {fileID: 580275539}
  m_LocalRotation: {x: 0, y: .707106829, z: 0, w: .707106829}
  m_LocalPosition: {x: 9.92360878, y: 0, z: 28.4763947}
  m_LocalScale: {x: .100000001, y: .100000001, z: .100000001}
  m_Children:
  - {fileID: 1720373602}
  m_Father: {fileID: 118190631}
  m_RootOrder: 6
--- !u!95 &580275541
Animator:
  serializedVersion: 3
  m_ObjectHideFlags: 0
  m_PrefabParentObject: {fileID: 9500000, guid: 6d594cf13c24248169045688348f08a2,
    type: 2}
  m_PrefabInternal: {fileID: 0}
  m_GameObject: {fileID: 580275539}
  m_Enabled: 1
  m_Avatar: {fileID: 9000000, guid: 8c19ff53c398941b58f3e74cd19822c3, type: 3}
  m_Controller: {fileID: 0}
  m_CullingMode: 1
  m_UpdateMode: 0
  m_ApplyRootMotion: 1
  m_LinearVelocityBlending: 0
  m_WarningMessage: 
  m_HasTransformHierarchy: 1
  m_AllowConstantClipSamplingOptimization: 1
--- !u!1 &600933426
GameObject:
  m_ObjectHideFlags: 0
  m_PrefabParentObject: {fileID: 100028, guid: f8eb00a394ccb4c6997d3ed3c38c5d44, type: 2}
  m_PrefabInternal: {fileID: 0}
  serializedVersion: 4
  m_Component:
  - 4: {fileID: 600933427}
  - 20: {fileID: 600933429}
  - 92: {fileID: 600933428}
  m_Layer: 0
  m_Name: Camera
  m_TagString: Untagged
  m_Icon: {fileID: 0}
  m_NavMeshLayer: 0
  m_StaticEditorFlags: 0
  m_IsActive: 1
--- !u!4 &600933427
Transform:
  m_ObjectHideFlags: 0
  m_PrefabParentObject: {fileID: 400028, guid: f8eb00a394ccb4c6997d3ed3c38c5d44, type: 2}
  m_PrefabInternal: {fileID: 0}
  m_GameObject: {fileID: 600933426}
  m_LocalRotation: {x: 2.38418579e-07, y: 0, z: 0, w: 1}
  m_LocalPosition: {x: 0, y: 0, z: 0}
  m_LocalScale: {x: 1, y: 1, z: 1}
  m_Children: []
  m_Father: {fileID: 168418071}
  m_RootOrder: 0
--- !u!92 &600933428
Behaviour:
  m_ObjectHideFlags: 0
  m_PrefabParentObject: {fileID: 9200002, guid: f8eb00a394ccb4c6997d3ed3c38c5d44,
    type: 2}
  m_PrefabInternal: {fileID: 0}
  m_GameObject: {fileID: 600933426}
  m_Enabled: 1
--- !u!20 &600933429
Camera:
  m_ObjectHideFlags: 0
  m_PrefabParentObject: {fileID: 2000002, guid: f8eb00a394ccb4c6997d3ed3c38c5d44,
    type: 2}
  m_PrefabInternal: {fileID: 0}
  m_GameObject: {fileID: 600933426}
  m_Enabled: 1
  serializedVersion: 2
  m_ClearFlags: 3
  m_BackGroundColor: {r: 1, g: 1, b: .474509805, a: .0196078438}
  m_NormalizedViewPortRect:
    serializedVersion: 2
    x: 0
    y: 0
    width: 1
    height: 1
  near clip plane: .300000012
  far clip plane: 1000
  field of view: 65
  orthographic: 0
  orthographic size: 100
  m_Depth: 1
  m_CullingMask:
    serializedVersion: 2
    m_Bits: 512
  m_RenderingPath: -1
  m_TargetTexture: {fileID: 0}
  m_TargetDisplay: 0
  m_TargetEye: 3
  m_HDR: 0
  m_OcclusionCulling: 1
  m_StereoConvergence: 10
  m_StereoSeparation: .0219999999
  m_StereoMirrorMode: 0
--- !u!1001 &623305395
Prefab:
  m_ObjectHideFlags: 0
  serializedVersion: 2
  m_Modification:
    m_TransformParent: {fileID: 919833947}
    m_Modifications:
    - target: {fileID: 400006, guid: 707f271b2a6264ce59d306fa4851ad3f, type: 2}
      propertyPath: m_LocalPosition.x
      value: 0
      objectReference: {fileID: 0}
    - target: {fileID: 400006, guid: 707f271b2a6264ce59d306fa4851ad3f, type: 2}
      propertyPath: m_LocalPosition.y
      value: 0
      objectReference: {fileID: 0}
    - target: {fileID: 400006, guid: 707f271b2a6264ce59d306fa4851ad3f, type: 2}
      propertyPath: m_LocalPosition.z
      value: 0
      objectReference: {fileID: 0}
    - target: {fileID: 400006, guid: 707f271b2a6264ce59d306fa4851ad3f, type: 2}
      propertyPath: m_LocalRotation.x
      value: 0
      objectReference: {fileID: 0}
    - target: {fileID: 400006, guid: 707f271b2a6264ce59d306fa4851ad3f, type: 2}
      propertyPath: m_LocalRotation.y
      value: 0
      objectReference: {fileID: 0}
    - target: {fileID: 400006, guid: 707f271b2a6264ce59d306fa4851ad3f, type: 2}
      propertyPath: m_LocalRotation.z
      value: 0
      objectReference: {fileID: 0}
    - target: {fileID: 400006, guid: 707f271b2a6264ce59d306fa4851ad3f, type: 2}
      propertyPath: m_LocalRotation.w
      value: 1
      objectReference: {fileID: 0}
    - target: {fileID: 2300000, guid: 707f271b2a6264ce59d306fa4851ad3f, type: 2}
      propertyPath: m_LightmapIndex
      value: 255
      objectReference: {fileID: 0}
    - target: {fileID: 2300000, guid: 707f271b2a6264ce59d306fa4851ad3f, type: 2}
      propertyPath: m_LightmapTilingOffset.x
      value: 1
      objectReference: {fileID: 0}
    - target: {fileID: 2300000, guid: 707f271b2a6264ce59d306fa4851ad3f, type: 2}
      propertyPath: m_LightmapTilingOffset.y
      value: 1
      objectReference: {fileID: 0}
    - target: {fileID: 2300002, guid: 707f271b2a6264ce59d306fa4851ad3f, type: 2}
      propertyPath: m_LightmapIndex
      value: 255
      objectReference: {fileID: 0}
    - target: {fileID: 2300002, guid: 707f271b2a6264ce59d306fa4851ad3f, type: 2}
      propertyPath: m_LightmapTilingOffset.x
      value: 1
      objectReference: {fileID: 0}
    - target: {fileID: 2300002, guid: 707f271b2a6264ce59d306fa4851ad3f, type: 2}
      propertyPath: m_LightmapTilingOffset.y
      value: 1
      objectReference: {fileID: 0}
    - target: {fileID: 2300002, guid: 707f271b2a6264ce59d306fa4851ad3f, type: 2}
      propertyPath: m_LightmapTilingOffset.z
      value: 0
      objectReference: {fileID: 0}
    - target: {fileID: 2300002, guid: 707f271b2a6264ce59d306fa4851ad3f, type: 2}
      propertyPath: m_LightmapTilingOffset.w
      value: 0
      objectReference: {fileID: 0}
    - target: {fileID: 2300004, guid: 707f271b2a6264ce59d306fa4851ad3f, type: 2}
      propertyPath: m_LightmapIndex
      value: 255
      objectReference: {fileID: 0}
    - target: {fileID: 2300004, guid: 707f271b2a6264ce59d306fa4851ad3f, type: 2}
      propertyPath: m_LightmapTilingOffset.x
      value: 1
      objectReference: {fileID: 0}
    - target: {fileID: 2300004, guid: 707f271b2a6264ce59d306fa4851ad3f, type: 2}
      propertyPath: m_LightmapTilingOffset.y
      value: 1
      objectReference: {fileID: 0}
    - target: {fileID: 2300004, guid: 707f271b2a6264ce59d306fa4851ad3f, type: 2}
      propertyPath: m_LightmapTilingOffset.w
      value: 0
      objectReference: {fileID: 0}
    - target: {fileID: 2300000, guid: 707f271b2a6264ce59d306fa4851ad3f, type: 2}
      propertyPath: m_LightmapTilingOffset.z
      value: 0
      objectReference: {fileID: 0}
    - target: {fileID: 400006, guid: 707f271b2a6264ce59d306fa4851ad3f, type: 2}
      propertyPath: m_LocalScale.x
      value: 1
      objectReference: {fileID: 0}
    - target: {fileID: 400006, guid: 707f271b2a6264ce59d306fa4851ad3f, type: 2}
      propertyPath: m_LocalScale.y
      value: 1
      objectReference: {fileID: 0}
    - target: {fileID: 400006, guid: 707f271b2a6264ce59d306fa4851ad3f, type: 2}
      propertyPath: m_LocalScale.z
      value: 1
      objectReference: {fileID: 0}
    m_RemovedComponents: []
  m_ParentPrefab: {fileID: 100100000, guid: 707f271b2a6264ce59d306fa4851ad3f, type: 2}
  m_IsPrefabParent: 0
--- !u!4 &623305396 stripped
Transform:
  m_PrefabParentObject: {fileID: 400006, guid: 707f271b2a6264ce59d306fa4851ad3f, type: 2}
  m_PrefabInternal: {fileID: 623305395}
--- !u!1 &650096651
GameObject:
  m_ObjectHideFlags: 0
  m_PrefabParentObject: {fileID: 100006, guid: 6b3e710695454413ba6129d2d826a43f, type: 2}
  m_PrefabInternal: {fileID: 0}
  serializedVersion: 4
  m_Component:
  - 4: {fileID: 650096652}
  - 33: {fileID: 650096659}
  - 23: {fileID: 650096658}
  - 114: {fileID: 650096657}
  - 54: {fileID: 650096656}
  - 82: {fileID: 650096655}
  - 135: {fileID: 650096654}
  - 114: {fileID: 650096653}
  m_Layer: 12
  m_Name: Ball
  m_TagString: Player
  m_Icon: {fileID: 0}
  m_NavMeshLayer: 0
  m_StaticEditorFlags: 0
  m_IsActive: 0
--- !u!4 &650096652
Transform:
  m_ObjectHideFlags: 0
  m_PrefabParentObject: {fileID: 400010, guid: 6b3e710695454413ba6129d2d826a43f, type: 2}
  m_PrefabInternal: {fileID: 0}
  m_GameObject: {fileID: 650096651}
  m_LocalRotation: {x: 0, y: .742807627, z: 0, w: .669505}
  m_LocalPosition: {x: -2.549582, y: 3.43935108, z: 41.1692123}
  m_LocalScale: {x: 1, y: 1, z: 1}
  m_Children:
  - {fileID: 984393985}
  m_Father: {fileID: 118190631}
  m_RootOrder: 8
--- !u!114 &650096653
MonoBehaviour:
  m_ObjectHideFlags: 0
  m_PrefabParentObject: {fileID: 11400000, guid: 6b3e710695454413ba6129d2d826a43f,
    type: 2}
  m_PrefabInternal: {fileID: 0}
  m_GameObject: {fileID: 650096651}
  m_Enabled: 1
  m_EditorHideFlags: 0
  m_Script: {fileID: 11500000, guid: a2816d47e7d2d493dab89bbbc033df60, type: 3}
  m_Name: 
  m_EditorClassIdentifier: 
  volScalar: 1
  useUpdate: 1
--- !u!135 &650096654
SphereCollider:
  m_ObjectHideFlags: 0
  m_PrefabParentObject: {fileID: 13500000, guid: 6b3e710695454413ba6129d2d826a43f,
    type: 2}
  m_PrefabInternal: {fileID: 0}
  m_GameObject: {fileID: 650096651}
  m_Material: {fileID: 13400000, guid: cbc45ef4418608e43a58b4b4d3afff3e, type: 2}
  m_IsTrigger: 0
  m_Enabled: 1
  serializedVersion: 2
  m_Radius: .213
  m_Center: {x: 0, y: 0, z: 0}
--- !u!82 &650096655
AudioSource:
  m_ObjectHideFlags: 0
  m_PrefabParentObject: {fileID: 8200000, guid: 6b3e710695454413ba6129d2d826a43f,
    type: 2}
  m_PrefabInternal: {fileID: 0}
  m_GameObject: {fileID: 650096651}
  m_Enabled: 1
  serializedVersion: 4
  OutputAudioMixerGroup: {fileID: 0}
  m_audioClip: {fileID: 0}
  m_PlayOnAwake: 0
  m_Volume: 1
  m_Pitch: 1
  Loop: 0
  Mute: 0
  Spatialize: 0
  Priority: 128
  DopplerLevel: 1
  MinDistance: 1
  MaxDistance: 500
  Pan2D: 0
  rolloffMode: 2
  BypassEffects: 0
  BypassListenerEffects: 0
  BypassReverbZones: 0
  rolloffCustomCurve:
    serializedVersion: 2
    m_Curve:
    - time: 0
      value: 1
      inSlope: 7.00649232e-43
      outSlope: 4.62427991e-36
      tangentMode: 0
    - time: .000200000009
      value: 1
      inSlope: 0
      outSlope: 0
      tangentMode: 0
    - time: .000400000019
      value: 1
      inSlope: 0
      outSlope: 0
      tangentMode: 0
    - time: .000800000038
      value: 1
      inSlope: 0
      outSlope: 0
      tangentMode: 0
    - time: .00160000008
      value: 1
      inSlope: 0
      outSlope: 0
      tangentMode: 0
    - time: .00320000015
      value: .943396211
      inSlope: -45.1818085
      outSlope: -43.8380966
      tangentMode: 0
    - time: .0064000003
      value: .819672108
      inSlope: -34.4980507
      outSlope: -32.7344971
      tangentMode: 0
    - time: .0128000006
      value: .649350643
      inSlope: -21.996954
      outSlope: -20.2415962
      tangentMode: 0
    - time: .0256000012
      value: .458715588
      inSlope: -11.1772795
      outSlope: -9.93751431
      tangentMode: 0
    - time: .0512000024
      value: .289017349
      inSlope: -4.51025534
      outSlope: -3.88882446
      tangentMode: 0
    - time: .102400005
      value: .166112959
      inSlope: -1.50792325
      outSlope: -1.2715317
      tangentMode: 0
    - time: .20480001
      value: .0897666067
      inSlope: -.443686068
      outSlope: -.368984908
      tangentMode: 0
    - time: .409600019
      value: .0467726849
      inSlope: -.120972067
      outSlope: -.0998222232
      tangentMode: 0
    - time: .819200039
      value: .0238891542
      inSlope: -.0316295177
      outSlope: -.0259913355
      tangentMode: 0
    - time: 1
      value: .0196463652
      inSlope: 7.00649232e-43
      outSlope: 4.62427991e-36
      tangentMode: 0
    m_PreInfinity: 2
    m_PostInfinity: 2
  panLevelCustomCurve:
    serializedVersion: 2
    m_Curve:
    - time: 0
      value: 1
      inSlope: 0
      outSlope: 0
      tangentMode: 0
    m_PreInfinity: 2
    m_PostInfinity: 2
  spreadCustomCurve:
    serializedVersion: 2
    m_Curve:
    - time: 0
      value: 0
      inSlope: 0
      outSlope: 0
      tangentMode: 0
    m_PreInfinity: 2
    m_PostInfinity: 2
  reverbZoneMixCustomCurve:
    serializedVersion: 2
    m_Curve:
    - time: 0
      value: 1
      inSlope: 0
      outSlope: 0
      tangentMode: 0
    m_PreInfinity: 2
    m_PostInfinity: 2
--- !u!54 &650096656
Rigidbody:
  m_ObjectHideFlags: 0
  m_PrefabParentObject: {fileID: 5400000, guid: 6b3e710695454413ba6129d2d826a43f,
    type: 2}
  m_PrefabInternal: {fileID: 0}
  m_GameObject: {fileID: 650096651}
  serializedVersion: 2
  m_Mass: 3.83999991
  m_Drag: .100000001
  m_AngularDrag: .100000001
  m_UseGravity: 1
  m_IsKinematic: 0
  m_Interpolate: 1
  m_Constraints: 0
  m_CollisionDetection: 1
--- !u!114 &650096657
MonoBehaviour:
  m_ObjectHideFlags: 0
  m_PrefabParentObject: {fileID: 11400002, guid: 6b3e710695454413ba6129d2d826a43f,
    type: 2}
  m_PrefabInternal: {fileID: 0}
  m_GameObject: {fileID: 650096651}
  m_Enabled: 1
  m_EditorHideFlags: 0
  m_Script: {fileID: 11500000, guid: 2d8a28e8d7bcd4f38a64fc3fca23a649, type: 3}
  m_Name: 
  m_EditorClassIdentifier: 
  fireButtonTex: {fileID: 0}
  initalMode: 2
  m_ballMode: 0
  rotateSpeed: 10
  minPower: .0125000002
  maxPower: 1
  powerScale: .100000001
  m_currentPower: .5
  ballForce: 2200
  fallTime: 2
  minRollTime: 1.20000005
  maxRollTime: 5
  minVelocity: 1.5
  minAngularVelocity: 1
  requiredStoppedTime: .150000006
  greenTex: {fileID: 0}
  redTex: {fileID: 0}
  wallHitAC: {fileID: 0}
  strokeAC: {fileID: 0}
  slowDownDrag: 1
  slowDownAngularDrag: .5
  useSuperBounce: 0
  wallBoostTime: 1
  wallBoostScalar: 4
  ballPhysicsMat: {fileID: 0}
  onTeeSpeed: 4
  teeBounds: {x: -2, y: 2, z: -1, w: 1}
  onWallHitGO: {fileID: 0}
  onWaterHitGO: {fileID: 0}
  birdsEye: {fileID: 0}
  powerSpeedChange: 10
  repeatButtonGS:
    m_Name: 
    m_Normal:
      m_Background: {fileID: 0}
      m_TextColor: {r: 0, g: 0, b: 0, a: 1}
    m_Hover:
      m_Background: {fileID: 0}
      m_TextColor: {r: 0, g: 0, b: 0, a: 1}
    m_Active:
      m_Background: {fileID: 0}
      m_TextColor: {r: 0, g: 0, b: 0, a: 1}
    m_Focused:
      m_Background: {fileID: 0}
      m_TextColor: {r: 0, g: 0, b: 0, a: 1}
    m_OnNormal:
      m_Background: {fileID: 0}
      m_TextColor: {r: 0, g: 0, b: 0, a: 1}
    m_OnHover:
      m_Background: {fileID: 0}
      m_TextColor: {r: 0, g: 0, b: 0, a: 1}
    m_OnActive:
      m_Background: {fileID: 0}
      m_TextColor: {r: 0, g: 0, b: 0, a: 1}
    m_OnFocused:
      m_Background: {fileID: 0}
      m_TextColor: {r: 0, g: 0, b: 0, a: 1}
    m_Border:
      m_Left: 0
      m_Right: 0
      m_Top: 0
      m_Bottom: 0
    m_Margin:
      m_Left: 0
      m_Right: 0
      m_Top: 0
      m_Bottom: 0
    m_Padding:
      m_Left: 0
      m_Right: 0
      m_Top: 0
      m_Bottom: 0
    m_Overflow:
      m_Left: 0
      m_Right: 0
      m_Top: 0
      m_Bottom: 0
    m_Font: {fileID: 0}
    m_FontSize: 0
    m_FontStyle: 0
    m_Alignment: 0
    m_WordWrap: 0
    m_RichText: 1
    m_TextClipping: 0
    m_ImagePosition: 0
    m_ContentOffset: {x: 0, y: 0}
    m_FixedWidth: 0
    m_FixedHeight: 0
    m_StretchWidth: 1
    m_StretchHeight: 0
  aimDisabled: 0
--- !u!23 &650096658
MeshRenderer:
  m_ObjectHideFlags: 0
  m_PrefabParentObject: {fileID: 2300006, guid: 6b3e710695454413ba6129d2d826a43f,
    type: 2}
  m_PrefabInternal: {fileID: 0}
  m_GameObject: {fileID: 650096651}
  m_Enabled: 1
  m_CastShadows: 0
  m_ReceiveShadows: 1
  m_Materials:
  - {fileID: 2100000, guid: d3443ac707f3e5347a390c0eda90c81a, type: 2}
  m_SubsetIndices: 
  m_StaticBatchRoot: {fileID: 0}
  m_UseLightProbes: 0
  m_ReflectionProbeUsage: 1
  m_ProbeAnchor: {fileID: 0}
  m_ScaleInLightmap: 1
  m_PreserveUVs: 0
  m_ImportantGI: 0
  m_AutoUVMaxDistance: .5
  m_AutoUVMaxAngle: 89
  m_LightmapParameters: {fileID: 0}
  m_SortingLayerID: 0
  m_SortingOrder: 0
--- !u!33 &650096659
MeshFilter:
  m_ObjectHideFlags: 0
  m_PrefabParentObject: {fileID: 3300006, guid: 6b3e710695454413ba6129d2d826a43f,
    type: 2}
  m_PrefabInternal: {fileID: 0}
  m_GameObject: {fileID: 650096651}
  m_Mesh: {fileID: 4300000, guid: 08feb961463a3534fac0e17a47ff75a9, type: 3}
--- !u!1 &701530999
GameObject:
  m_ObjectHideFlags: 0
  m_PrefabParentObject: {fileID: 100016, guid: f8eb00a394ccb4c6997d3ed3c38c5d44, type: 2}
  m_PrefabInternal: {fileID: 0}
  serializedVersion: 4
  m_Component:
  - 4: {fileID: 701531000}
  - 20: {fileID: 701531002}
  - 92: {fileID: 701531001}
  m_Layer: 0
  m_Name: GUICamera
  m_TagString: Untagged
  m_Icon: {fileID: 0}
  m_NavMeshLayer: 0
  m_StaticEditorFlags: 0
  m_IsActive: 1
--- !u!4 &701531000
Transform:
  m_ObjectHideFlags: 0
  m_PrefabParentObject: {fileID: 400016, guid: f8eb00a394ccb4c6997d3ed3c38c5d44, type: 2}
  m_PrefabInternal: {fileID: 0}
  m_GameObject: {fileID: 701530999}
  m_LocalRotation: {x: 0, y: 0, z: 0, w: 1}
  m_LocalPosition: {x: 0, y: 0, z: 0}
  m_LocalScale: {x: 1, y: 1, z: 1}
  m_Children: []
  m_Father: {fileID: 961954792}
  m_RootOrder: 1
--- !u!92 &701531001
Behaviour:
  m_ObjectHideFlags: 0
  m_PrefabParentObject: {fileID: 9200000, guid: f8eb00a394ccb4c6997d3ed3c38c5d44,
    type: 2}
  m_PrefabInternal: {fileID: 0}
  m_GameObject: {fileID: 701530999}
  m_Enabled: 1
--- !u!20 &701531002
Camera:
  m_ObjectHideFlags: 0
  m_PrefabParentObject: {fileID: 2000000, guid: f8eb00a394ccb4c6997d3ed3c38c5d44,
    type: 2}
  m_PrefabInternal: {fileID: 0}
  m_GameObject: {fileID: 701530999}
  m_Enabled: 1
  serializedVersion: 2
  m_ClearFlags: 3
  m_BackGroundColor: {r: 1, g: 1, b: .474509805, a: .0196078438}
  m_NormalizedViewPortRect:
    serializedVersion: 2
    x: 0
    y: 0
    width: 1
    height: 1
  near clip plane: .300000012
  far clip plane: 1000
  field of view: 65
  orthographic: 1
  orthographic size: 100
  m_Depth: 2
  m_CullingMask:
    serializedVersion: 2
    m_Bits: 2048
  m_RenderingPath: -1
  m_TargetTexture: {fileID: 0}
  m_TargetDisplay: 0
  m_TargetEye: 3
  m_HDR: 0
  m_OcclusionCulling: 1
  m_StereoConvergence: 10
  m_StereoSeparation: .0219999999
  m_StereoMirrorMode: 0
--- !u!1 &778301620
GameObject:
  m_ObjectHideFlags: 0
  m_PrefabParentObject: {fileID: 100010, guid: 6b3e710695454413ba6129d2d826a43f, type: 2}
  m_PrefabInternal: {fileID: 0}
  serializedVersion: 4
  m_Component:
  - 4: {fileID: 778301621}
  - 33: {fileID: 778301623}
  - 23: {fileID: 778301622}
  m_Layer: 9
  m_Name: Trail
  m_TagString: Untagged
  m_Icon: {fileID: 0}
  m_NavMeshLayer: 0
  m_StaticEditorFlags: 0
  m_IsActive: 1
--- !u!4 &778301621
Transform:
  m_ObjectHideFlags: 0
  m_PrefabParentObject: {fileID: 400006, guid: 6b3e710695454413ba6129d2d826a43f, type: 2}
  m_PrefabInternal: {fileID: 0}
  m_GameObject: {fileID: 778301620}
  m_LocalRotation: {x: 0, y: 0, z: 0, w: 1}
  m_LocalPosition: {x: 0, y: 0, z: 0}
  m_LocalScale: {x: 1, y: 1, z: 1}
  m_Children: []
  m_Father: {fileID: 984393985}
  m_RootOrder: 0
--- !u!23 &778301622
MeshRenderer:
  m_ObjectHideFlags: 0
  m_PrefabParentObject: {fileID: 2300004, guid: 6b3e710695454413ba6129d2d826a43f,
    type: 2}
  m_PrefabInternal: {fileID: 0}
  m_GameObject: {fileID: 778301620}
  m_Enabled: 1
  m_CastShadows: 0
  m_ReceiveShadows: 0
  m_Materials:
  - {fileID: 2100000, guid: d42af26cdf5fb824ba87127b4508e285, type: 2}
  m_SubsetIndices: 
  m_StaticBatchRoot: {fileID: 0}
  m_UseLightProbes: 0
  m_ReflectionProbeUsage: 1
  m_ProbeAnchor: {fileID: 0}
  m_ScaleInLightmap: 1
  m_PreserveUVs: 0
  m_ImportantGI: 0
  m_AutoUVMaxDistance: .5
  m_AutoUVMaxAngle: 89
  m_LightmapParameters: {fileID: 0}
  m_SortingLayerID: 0
  m_SortingOrder: 0
--- !u!33 &778301623
MeshFilter:
  m_ObjectHideFlags: 0
  m_PrefabParentObject: {fileID: 3300004, guid: 6b3e710695454413ba6129d2d826a43f,
    type: 2}
  m_PrefabInternal: {fileID: 0}
  m_GameObject: {fileID: 778301620}
  m_Mesh: {fileID: 4300000, guid: 291b818cfd83d41469b45ba189b3bd88, type: 3}
--- !u!1 &793540077
GameObject:
  m_ObjectHideFlags: 0
  m_PrefabParentObject: {fileID: 0}
  m_PrefabInternal: {fileID: 0}
  serializedVersion: 4
  m_Component:
  - 4: {fileID: 793540079}
  - 108: {fileID: 793540078}
  m_Layer: 0
  m_Name: Directional light
  m_TagString: Untagged
  m_Icon: {fileID: 0}
  m_NavMeshLayer: 0
  m_StaticEditorFlags: 0
  m_IsActive: 1
--- !u!108 &793540078
Light:
  m_ObjectHideFlags: 0
  m_PrefabParentObject: {fileID: 0}
  m_PrefabInternal: {fileID: 0}
  m_GameObject: {fileID: 793540077}
  m_Enabled: 1
  serializedVersion: 6
  m_Type: 1
  m_Color: {r: 1, g: 1, b: 1, a: 1}
  m_Intensity: 1.5
  m_Range: 10
  m_SpotAngle: 30
  m_CookieSize: 10
  m_Shadows:
    m_Type: 1
    m_Resolution: -1
    m_Strength: 1
    m_Bias: .0500000007
    m_NormalBias: .400000006
  m_Cookie: {fileID: 0}
  m_DrawHalo: 0
  m_Flare: {fileID: 0}
  m_RenderMode: 0
  m_CullingMask:
    serializedVersion: 2
    m_Bits: 4294967295
  m_Lightmapping: 1
  m_BounceIntensity: 1
  m_ShadowRadius: 0
  m_ShadowAngle: 0
  m_AreaSize: {x: 1, y: 1}
--- !u!4 &793540079
Transform:
  m_ObjectHideFlags: 0
  m_PrefabParentObject: {fileID: 0}
  m_PrefabInternal: {fileID: 0}
  m_GameObject: {fileID: 793540077}
  m_LocalRotation: {x: .408217967, y: -.234569743, z: .109381683, w: .875426114}
  m_LocalPosition: {x: 3.36170197e-05, y: 4.65834236, z: 5.6045351}
  m_LocalScale: {x: 1, y: 1, z: 1}
  m_Children: []
  m_Father: {fileID: 118190631}
  m_RootOrder: 5
--- !u!1 &909698363
GameObject:
  m_ObjectHideFlags: 0
  m_PrefabParentObject: {fileID: 100000, guid: f8eb00a394ccb4c6997d3ed3c38c5d44, type: 2}
  m_PrefabInternal: {fileID: 0}
  serializedVersion: 4
  m_Component:
  - 4: {fileID: 909698364}
  m_Layer: 0
  m_Name: Hole (1)
  m_TagString: Untagged
  m_Icon: {fileID: 0}
  m_NavMeshLayer: 0
  m_StaticEditorFlags: 0
  m_IsActive: 1
--- !u!4 &909698364
Transform:
  m_ObjectHideFlags: 0
  m_PrefabParentObject: {fileID: 400000, guid: f8eb00a394ccb4c6997d3ed3c38c5d44, type: 2}
  m_PrefabInternal: {fileID: 0}
  m_GameObject: {fileID: 909698363}
  m_LocalRotation: {x: 0, y: 0, z: 0, w: 1}
  m_LocalPosition: {x: 0, y: 0, z: 0}
  m_LocalScale: {x: 1, y: 1, z: 1}
  m_Children:
  - {fileID: 1386515610}
  - {fileID: 961954792}
  m_Father: {fileID: 118190631}
  m_RootOrder: 9
--- !u!1 &919833946
GameObject:
  m_ObjectHideFlags: 0
  m_PrefabParentObject: {fileID: 0}
  m_PrefabInternal: {fileID: 0}
  serializedVersion: 4
  m_Component:
  - 4: {fileID: 919833947}
  m_Layer: 0
  m_Name: Tiles
  m_TagString: Untagged
  m_Icon: {fileID: 0}
  m_NavMeshLayer: 0
  m_StaticEditorFlags: 4294967295
  m_IsActive: 1
--- !u!4 &919833947
Transform:
  m_ObjectHideFlags: 0
  m_PrefabParentObject: {fileID: 0}
  m_PrefabInternal: {fileID: 0}
  m_GameObject: {fileID: 919833946}
  m_LocalRotation: {x: 0, y: 0, z: 0, w: 1}
  m_LocalPosition: {x: 0, y: 0, z: 0}
  m_LocalScale: {x: .100000001, y: .100000001, z: .100000001}
  m_Children:
  - {fileID: 331475408}
  - {fileID: 623305396}
  - {fileID: 335418941}
  m_Father: {fileID: 118190631}
  m_RootOrder: 3
--- !u!1 &961954791
GameObject:
  m_ObjectHideFlags: 0
  m_PrefabParentObject: {fileID: 100036, guid: f8eb00a394ccb4c6997d3ed3c38c5d44, type: 2}
  m_PrefabInternal: {fileID: 0}
  serializedVersion: 4
  m_Component:
  - 4: {fileID: 961954792}
  - 114: {fileID: 961954793}
  m_Layer: 0
  m_Name: Startup
  m_TagString: Untagged
  m_Icon: {fileID: 0}
  m_NavMeshLayer: 0
  m_StaticEditorFlags: 0
  m_IsActive: 1
--- !u!4 &961954792
Transform:
  m_ObjectHideFlags: 0
  m_PrefabParentObject: {fileID: 400036, guid: f8eb00a394ccb4c6997d3ed3c38c5d44, type: 2}
  m_PrefabInternal: {fileID: 0}
  m_GameObject: {fileID: 961954791}
  m_LocalRotation: {x: 0, y: 0, z: 0, w: 1}
  m_LocalPosition: {x: 0, y: 0, z: 0}
  m_LocalScale: {x: 1, y: 1, z: 1}
  m_Children:
  - {fileID: 1528816650}
  - {fileID: 701531000}
  m_Father: {fileID: 909698364}
  m_RootOrder: 1
--- !u!114 &961954793
MonoBehaviour:
  m_ObjectHideFlags: 0
  m_PrefabParentObject: {fileID: 11400010, guid: f8eb00a394ccb4c6997d3ed3c38c5d44,
    type: 2}
  m_PrefabInternal: {fileID: 0}
  m_GameObject: {fileID: 961954791}
  m_Enabled: 1
  m_EditorHideFlags: 0
  m_Script: {fileID: 11500000, guid: 7931b9b253e434a9ca9552ce86d14215, type: 3}
  m_Name: 
  m_EditorClassIdentifier: 
  prefabDroid: {fileID: 100024, guid: 814b7bb61c62f4c46b0a1be359b5341e, type: 2}
  prefabIOS: {fileID: 100024, guid: fbf16c344d741495c9afdc3fb4ea9fb4, type: 2}
  prefab: {fileID: 100024, guid: 814b7bb61c62f4c46b0a1be359b5341e, type: 2}
--- !u!1 &984393984
GameObject:
  m_ObjectHideFlags: 0
  m_PrefabParentObject: {fileID: 100008, guid: 6b3e710695454413ba6129d2d826a43f, type: 2}
  m_PrefabInternal: {fileID: 0}
  serializedVersion: 4
  m_Component:
  - 4: {fileID: 984393985}
  m_Layer: 9
  m_Name: TrailNode
  m_TagString: Untagged
  m_Icon: {fileID: 0}
  m_NavMeshLayer: 0
  m_StaticEditorFlags: 0
  m_IsActive: 1
--- !u!4 &984393985
Transform:
  m_ObjectHideFlags: 0
  m_PrefabParentObject: {fileID: 400008, guid: 6b3e710695454413ba6129d2d826a43f, type: 2}
  m_PrefabInternal: {fileID: 0}
  m_GameObject: {fileID: 984393984}
  m_LocalRotation: {x: 0, y: 1, z: 0, w: -1.62920685e-07}
  m_LocalPosition: {x: 0, y: 0, z: 0}
  m_LocalScale: {x: 10, y: 10, z: 10}
  m_Children:
  - {fileID: 778301621}
  m_Father: {fileID: 650096652}
  m_RootOrder: 0
--- !u!1 &1174960835
GameObject:
  m_ObjectHideFlags: 0
  m_PrefabParentObject: {fileID: 100036, guid: f8eb00a394ccb4c6997d3ed3c38c5d44, type: 2}
  m_PrefabInternal: {fileID: 0}
  serializedVersion: 4
  m_Component:
  - 4: {fileID: 1174960836}
  - 114: {fileID: 1174960837}
  m_Layer: 0
  m_Name: Startup
  m_TagString: Untagged
  m_Icon: {fileID: 0}
  m_NavMeshLayer: 0
  m_StaticEditorFlags: 0
  m_IsActive: 1
--- !u!4 &1174960836
Transform:
  m_ObjectHideFlags: 0
  m_PrefabParentObject: {fileID: 400036, guid: f8eb00a394ccb4c6997d3ed3c38c5d44, type: 2}
  m_PrefabInternal: {fileID: 0}
  m_GameObject: {fileID: 1174960835}
  m_LocalRotation: {x: 0, y: 0, z: 0, w: 1}
  m_LocalPosition: {x: 0, y: 0, z: 0}
  m_LocalScale: {x: 1, y: 1, z: 1}
  m_Children:
  - {fileID: 168418071}
  - {fileID: 1626777958}
  m_Father: {fileID: 1740907192}
  m_RootOrder: 1
--- !u!114 &1174960837
MonoBehaviour:
  m_ObjectHideFlags: 0
  m_PrefabParentObject: {fileID: 11400010, guid: f8eb00a394ccb4c6997d3ed3c38c5d44,
    type: 2}
  m_PrefabInternal: {fileID: 0}
  m_GameObject: {fileID: 1174960835}
  m_Enabled: 1
  m_EditorHideFlags: 0
  m_Script: {fileID: 11500000, guid: 7931b9b253e434a9ca9552ce86d14215, type: 3}
  m_Name: 
  m_EditorClassIdentifier: 
  prefabDroid: {fileID: 0}
  prefabIOS: {fileID: 0}
  prefab: {fileID: 0}
--- !u!1 &1305435314
GameObject:
  m_ObjectHideFlags: 0
  m_PrefabParentObject: {fileID: 100018, guid: 6d594cf13c24248169045688348f08a2, type: 2}
  m_PrefabInternal: {fileID: 0}
  serializedVersion: 4
  m_Component:
  - 4: {fileID: 1305435315}
  - 33: {fileID: 1305435318}
  - 23: {fileID: 1305435317}
  - 64: {fileID: 1305435316}
  m_Layer: 0
  m_Name: tile20_floor
  m_TagString: Untagged
  m_Icon: {fileID: 0}
  m_NavMeshLayer: 0
  m_StaticEditorFlags: 4294967295
  m_IsActive: 1
--- !u!4 &1305435315
Transform:
  m_ObjectHideFlags: 0
  m_PrefabParentObject: {fileID: 400018, guid: 6d594cf13c24248169045688348f08a2, type: 2}
  m_PrefabInternal: {fileID: 0}
  m_GameObject: {fileID: 1305435314}
  m_LocalRotation: {x: -.707106829, y: 0, z: -0, w: .707106829}
  m_LocalPosition: {x: 0, y: 1, z: -99.236084}
  m_LocalScale: {x: 1, y: 1, z: 1}
  m_Children: []
  m_Father: {fileID: 361475968}
  m_RootOrder: 0
--- !u!64 &1305435316
MeshCollider:
  m_ObjectHideFlags: 0
  m_PrefabParentObject: {fileID: 6400006, guid: 6d594cf13c24248169045688348f08a2,
    type: 2}
  m_PrefabInternal: {fileID: 0}
  m_GameObject: {fileID: 1305435314}
  m_Material: {fileID: 13400000, guid: 5410a64fad11e8d6d00011d98d76c639, type: 2}
  m_IsTrigger: 0
  m_Enabled: 1
  serializedVersion: 2
  m_Convex: 0
  m_Mesh: {fileID: 4300002, guid: 8c19ff53c398941b58f3e74cd19822c3, type: 3}
--- !u!23 &1305435317
MeshRenderer:
  m_ObjectHideFlags: 0
  m_PrefabParentObject: {fileID: 2300010, guid: 6d594cf13c24248169045688348f08a2,
    type: 2}
  m_PrefabInternal: {fileID: 0}
  m_GameObject: {fileID: 1305435314}
  m_Enabled: 1
  m_CastShadows: 1
  m_ReceiveShadows: 1
  m_Materials:
  - {fileID: 2100000, guid: 2948463c79a4940d6b65346e5b534c68, type: 2}
  m_SubsetIndices: 
  m_StaticBatchRoot: {fileID: 0}
  m_UseLightProbes: 0
  m_ReflectionProbeUsage: 1
  m_ProbeAnchor: {fileID: 0}
  m_ScaleInLightmap: 1
  m_PreserveUVs: 0
  m_ImportantGI: 0
  m_AutoUVMaxDistance: .5
  m_AutoUVMaxAngle: 89
  m_LightmapParameters: {fileID: 0}
  m_SortingLayerID: 0
  m_SortingOrder: 0
--- !u!33 &1305435318
MeshFilter:
  m_ObjectHideFlags: 0
  m_PrefabParentObject: {fileID: 3300010, guid: 6d594cf13c24248169045688348f08a2,
    type: 2}
  m_PrefabInternal: {fileID: 0}
  m_GameObject: {fileID: 1305435314}
  m_Mesh: {fileID: 4300002, guid: 8c19ff53c398941b58f3e74cd19822c3, type: 3}
--- !u!1 &1353143876
GameObject:
  m_ObjectHideFlags: 0
  m_PrefabParentObject: {fileID: 100018, guid: 6d594cf13c24248169045688348f08a2, type: 2}
  m_PrefabInternal: {fileID: 0}
  serializedVersion: 4
  m_Component:
  - 4: {fileID: 1353143877}
  - 33: {fileID: 1353143880}
  - 23: {fileID: 1353143879}
  - 64: {fileID: 1353143878}
  m_Layer: 0
  m_Name: tile20_floor
  m_TagString: Untagged
  m_Icon: {fileID: 0}
  m_NavMeshLayer: 0
  m_StaticEditorFlags: 4294967295
  m_IsActive: 1
--- !u!4 &1353143877
Transform:
  m_ObjectHideFlags: 0
  m_PrefabParentObject: {fileID: 400018, guid: 6d594cf13c24248169045688348f08a2, type: 2}
  m_PrefabInternal: {fileID: 0}
  m_GameObject: {fileID: 1353143876}
  m_LocalRotation: {x: -.707106829, y: 0, z: -0, w: .707106829}
  m_LocalPosition: {x: 0, y: 1, z: -99.236084}
  m_LocalScale: {x: 1, y: 1, z: 1}
  m_Children: []
  m_Father: {fileID: 2005806741}
  m_RootOrder: 0
--- !u!64 &1353143878
MeshCollider:
  m_ObjectHideFlags: 0
  m_PrefabParentObject: {fileID: 6400006, guid: 6d594cf13c24248169045688348f08a2,
    type: 2}
  m_PrefabInternal: {fileID: 0}
  m_GameObject: {fileID: 1353143876}
  m_Material: {fileID: 13400000, guid: 5410a64fad11e8d6d00011d98d76c639, type: 2}
  m_IsTrigger: 0
  m_Enabled: 1
  serializedVersion: 2
  m_Convex: 0
  m_Mesh: {fileID: 4300002, guid: 8c19ff53c398941b58f3e74cd19822c3, type: 3}
--- !u!23 &1353143879
MeshRenderer:
  m_ObjectHideFlags: 0
  m_PrefabParentObject: {fileID: 2300010, guid: 6d594cf13c24248169045688348f08a2,
    type: 2}
  m_PrefabInternal: {fileID: 0}
  m_GameObject: {fileID: 1353143876}
  m_Enabled: 1
  m_CastShadows: 1
  m_ReceiveShadows: 1
  m_Materials:
  - {fileID: 2100000, guid: 2948463c79a4940d6b65346e5b534c68, type: 2}
  m_SubsetIndices: 
  m_StaticBatchRoot: {fileID: 0}
  m_UseLightProbes: 0
  m_ReflectionProbeUsage: 1
  m_ProbeAnchor: {fileID: 0}
  m_ScaleInLightmap: 1
  m_PreserveUVs: 0
  m_ImportantGI: 0
  m_AutoUVMaxDistance: .5
  m_AutoUVMaxAngle: 89
  m_LightmapParameters: {fileID: 0}
  m_SortingLayerID: 0
  m_SortingOrder: 0
--- !u!33 &1353143880
MeshFilter:
  m_ObjectHideFlags: 0
  m_PrefabParentObject: {fileID: 3300010, guid: 6d594cf13c24248169045688348f08a2,
    type: 2}
  m_PrefabInternal: {fileID: 0}
  m_GameObject: {fileID: 1353143876}
  m_Mesh: {fileID: 4300002, guid: 8c19ff53c398941b58f3e74cd19822c3, type: 3}
--- !u!1 &1386515609
GameObject:
  m_ObjectHideFlags: 0
  m_PrefabParentObject: {fileID: 100040, guid: f8eb00a394ccb4c6997d3ed3c38c5d44, type: 2}
  m_PrefabInternal: {fileID: 0}
  serializedVersion: 4
  m_Component:
  - 4: {fileID: 1386515610}
  - 114: {fileID: 1386515611}
  m_Layer: 0
  m_Name: GameObject
  m_TagString: Untagged
  m_Icon: {fileID: 0}
  m_NavMeshLayer: 0
  m_StaticEditorFlags: 0
  m_IsActive: 1
--- !u!4 &1386515610
Transform:
  m_ObjectHideFlags: 0
  m_PrefabParentObject: {fileID: 400040, guid: f8eb00a394ccb4c6997d3ed3c38c5d44, type: 2}
  m_PrefabInternal: {fileID: 0}
  m_GameObject: {fileID: 1386515609}
  m_LocalRotation: {x: 0, y: 0, z: 0, w: 1}
  m_LocalPosition: {x: -.320649862, y: 0, z: 1.97733879}
  m_LocalScale: {x: 1, y: 1, z: 1}
  m_Children: []
  m_Father: {fileID: 909698364}
  m_RootOrder: 0
--- !u!114 &1386515611
MonoBehaviour:
  m_ObjectHideFlags: 0
  m_PrefabParentObject: {fileID: 11400022, guid: f8eb00a394ccb4c6997d3ed3c38c5d44,
    type: 2}
  m_PrefabInternal: {fileID: 0}
  m_GameObject: {fileID: 1386515609}
  m_Enabled: 1
  m_EditorHideFlags: 0
  m_Script: {fileID: 11500000, guid: fe243ea428d1d4326a6be04e96822218, type: 3}
  m_Name: 
  m_EditorClassIdentifier: 
  par: 4
--- !u!1 &1435146407
GameObject:
  m_ObjectHideFlags: 0
  m_PrefabParentObject: {fileID: 100002, guid: 55275d55d3b904062a94edb227e0037f, type: 2}
  m_PrefabInternal: {fileID: 0}
  serializedVersion: 4
  m_Component:
  - 4: {fileID: 1435146408}
  - 33: {fileID: 1435146411}
  - 23: {fileID: 1435146410}
  - 64: {fileID: 1435146409}
  m_Layer: 0
  m_Name: tile10_floor
  m_TagString: Untagged
  m_Icon: {fileID: 0}
  m_NavMeshLayer: 0
  m_StaticEditorFlags: 4294967295
  m_IsActive: 1
--- !u!4 &1435146408
Transform:
  m_ObjectHideFlags: 0
  m_PrefabParentObject: {fileID: 400002, guid: 55275d55d3b904062a94edb227e0037f, type: 2}
  m_PrefabInternal: {fileID: 0}
  m_GameObject: {fileID: 1435146407}
  m_LocalRotation: {x: -.707106829, y: 0, z: -0, w: .707106829}
  m_LocalPosition: {x: 0, y: 1, z: -99.236084}
  m_LocalScale: {x: 1, y: 1, z: 1}
  m_Children: []
  m_Father: {fileID: 331475408}
  m_RootOrder: 0
--- !u!64 &1435146409
MeshCollider:
  m_ObjectHideFlags: 0
  m_PrefabParentObject: {fileID: 6400002, guid: 55275d55d3b904062a94edb227e0037f,
    type: 2}
  m_PrefabInternal: {fileID: 0}
  m_GameObject: {fileID: 1435146407}
  m_Material: {fileID: 13400000, guid: 5410a64fad11e8d6d00011d98d76c639, type: 2}
  m_IsTrigger: 0
  m_Enabled: 1
  serializedVersion: 2
  m_Convex: 0
  m_Mesh: {fileID: 4300002, guid: 52bd6ed38de9947388a8b569567f876b, type: 3}
--- !u!23 &1435146410
MeshRenderer:
  m_ObjectHideFlags: 0
  m_PrefabParentObject: {fileID: 2300002, guid: 55275d55d3b904062a94edb227e0037f,
    type: 2}
  m_PrefabInternal: {fileID: 0}
  m_GameObject: {fileID: 1435146407}
  m_Enabled: 1
  m_CastShadows: 1
  m_ReceiveShadows: 1
  m_Materials:
  - {fileID: 2100000, guid: 5504b3f852abd4a9aba674539e4c876e, type: 2}
  m_SubsetIndices: 
  m_StaticBatchRoot: {fileID: 0}
  m_UseLightProbes: 0
  m_ReflectionProbeUsage: 1
  m_ProbeAnchor: {fileID: 0}
  m_ScaleInLightmap: 1
  m_PreserveUVs: 0
  m_ImportantGI: 0
  m_AutoUVMaxDistance: .5
  m_AutoUVMaxAngle: 89
  m_LightmapParameters: {fileID: 0}
  m_SortingLayerID: 0
  m_SortingOrder: 0
--- !u!33 &1435146411
MeshFilter:
  m_ObjectHideFlags: 0
  m_PrefabParentObject: {fileID: 3300002, guid: 55275d55d3b904062a94edb227e0037f,
    type: 2}
  m_PrefabInternal: {fileID: 0}
  m_GameObject: {fileID: 1435146407}
  m_Mesh: {fileID: 4300002, guid: 52bd6ed38de9947388a8b569567f876b, type: 3}
--- !u!1 &1509628465
GameObject:
  m_ObjectHideFlags: 0
  m_PrefabParentObject: {fileID: 0}
  m_PrefabInternal: {fileID: 0}
  serializedVersion: 4
  m_Component:
  - 4: {fileID: 1509628469}
  - 114: {fileID: 1509628468}
  - 114: {fileID: 1509628467}
  - 114: {fileID: 1509628466}
  m_Layer: 0
  m_Name: EventSystem
  m_TagString: Untagged
  m_Icon: {fileID: 0}
  m_NavMeshLayer: 0
  m_StaticEditorFlags: 0
  m_IsActive: 1
--- !u!114 &1509628466
MonoBehaviour:
  m_ObjectHideFlags: 0
  m_PrefabParentObject: {fileID: 0}
  m_PrefabInternal: {fileID: 0}
  m_GameObject: {fileID: 1509628465}
  m_Enabled: 1
  m_EditorHideFlags: 0
  m_Script: {fileID: 1997211142, guid: f5f67c52d1564df4a8936ccd202a3bd8, type: 3}
  m_Name: 
  m_EditorClassIdentifier: 
  m_ForceModuleActive: 0
--- !u!114 &1509628467
MonoBehaviour:
  m_ObjectHideFlags: 0
  m_PrefabParentObject: {fileID: 0}
  m_PrefabInternal: {fileID: 0}
  m_GameObject: {fileID: 1509628465}
  m_Enabled: 1
  m_EditorHideFlags: 0
  m_Script: {fileID: 1077351063, guid: f5f67c52d1564df4a8936ccd202a3bd8, type: 3}
  m_Name: 
  m_EditorClassIdentifier: 
  m_HorizontalAxis: Horizontal
  m_VerticalAxis: Vertical
  m_SubmitButton: Submit
  m_CancelButton: Cancel
  m_InputActionsPerSecond: 10
  m_RepeatDelay: .5
  m_ForceModuleActive: 0
--- !u!114 &1509628468
MonoBehaviour:
  m_ObjectHideFlags: 0
  m_PrefabParentObject: {fileID: 0}
  m_PrefabInternal: {fileID: 0}
  m_GameObject: {fileID: 1509628465}
  m_Enabled: 1
  m_EditorHideFlags: 0
  m_Script: {fileID: -619905303, guid: f5f67c52d1564df4a8936ccd202a3bd8, type: 3}
  m_Name: 
  m_EditorClassIdentifier: 
  m_FirstSelected: {fileID: 0}
  m_sendNavigationEvents: 1
  m_DragThreshold: 5
--- !u!4 &1509628469
Transform:
  m_ObjectHideFlags: 0
  m_PrefabParentObject: {fileID: 0}
  m_PrefabInternal: {fileID: 0}
  m_GameObject: {fileID: 1509628465}
  m_LocalRotation: {x: 0, y: 0, z: 0, w: 1}
  m_LocalPosition: {x: 0, y: 0, z: 0}
  m_LocalScale: {x: 1, y: 1, z: 1}
  m_Children: []
  m_Father: {fileID: 0}
  m_RootOrder: 0
--- !u!1 &1528816649
GameObject:
  m_ObjectHideFlags: 0
  m_PrefabParentObject: {fileID: 100038, guid: f8eb00a394ccb4c6997d3ed3c38c5d44, type: 2}
  m_PrefabInternal: {fileID: 0}
  serializedVersion: 4
  m_Component:
  - 4: {fileID: 1528816650}
  - 20: {fileID: 1528816660}
  - 92: {fileID: 1528816659}
  - 124: {fileID: 1528816658}
  - 81: {fileID: 1528816657}
  - 114: {fileID: 1528816656}
  - 114: {fileID: 1528816655}
  - 114: {fileID: 1528816654}
  - 114: {fileID: 1528816653}
  - 114: {fileID: 1528816652}
  - 45: {fileID: 1528816651}
  m_Layer: 0
  m_Name: Camera
  m_TagString: MainCamera
  m_Icon: {fileID: 0}
  m_NavMeshLayer: 0
  m_StaticEditorFlags: 0
  m_IsActive: 1
--- !u!4 &1528816650
Transform:
  m_ObjectHideFlags: 0
  m_PrefabParentObject: {fileID: 400038, guid: f8eb00a394ccb4c6997d3ed3c38c5d44, type: 2}
  m_PrefabInternal: {fileID: 0}
  m_GameObject: {fileID: 1528816649}
  m_LocalRotation: {x: .29237169, y: 0, z: 0, w: .956304789}
  m_LocalPosition: {x: 147.873917, y: 44, z: -80}
  m_LocalScale: {x: 1, y: 1, z: 1}
  m_Children:
  - {fileID: 238955250}
  m_Father: {fileID: 961954792}
  m_RootOrder: 0
--- !u!45 &1528816651
Skybox:
  m_ObjectHideFlags: 0
  m_PrefabParentObject: {fileID: 4500000, guid: f8eb00a394ccb4c6997d3ed3c38c5d44,
    type: 2}
  m_PrefabInternal: {fileID: 0}
  m_GameObject: {fileID: 1528816649}
  m_Enabled: 0
  m_CustomSkybox: {fileID: 2100000, guid: a2126534b3a11b34e977105bd9e3cc03, type: 2}
--- !u!114 &1528816652
MonoBehaviour:
  m_ObjectHideFlags: 0
  m_PrefabParentObject: {fileID: 11400020, guid: f8eb00a394ccb4c6997d3ed3c38c5d44,
    type: 2}
  m_PrefabInternal: {fileID: 0}
  m_GameObject: {fileID: 1528816649}
  m_Enabled: 1
  m_EditorHideFlags: 0
  m_Script: {fileID: 11500000, guid: ac58c9593ec1c4012bc3993f069b68c0, type: 3}
  m_Name: 
  m_EditorClassIdentifier: 
  m_on: 0
  rotateTowardsTime: .5
  cameraOffset: {x: 0, y: 55, z: .100000001}
--- !u!114 &1528816653
MonoBehaviour:
  m_ObjectHideFlags: 0
  m_PrefabParentObject: {fileID: 11400012, guid: f8eb00a394ccb4c6997d3ed3c38c5d44,
    type: 2}
  m_PrefabInternal: {fileID: 0}
  m_GameObject: {fileID: 1528816649}
  m_Enabled: 1
  m_EditorHideFlags: 0
  m_Script: {fileID: 11500000, guid: 3429607681839490d94b1b0072fb039c, type: 3}
  m_Name: 
  m_EditorClassIdentifier: 
  spinSpeed: 10
  cameraOffset: {x: 30, y: 30, z: 30}
  m_on: 0
--- !u!114 &1528816654
MonoBehaviour:
  m_ObjectHideFlags: 0
  m_PrefabParentObject: {fileID: 11400014, guid: f8eb00a394ccb4c6997d3ed3c38c5d44,
    type: 2}
  m_PrefabInternal: {fileID: 0}
  m_GameObject: {fileID: 1528816649}
  m_Enabled: 1
  m_EditorHideFlags: 0
  m_Script: {fileID: 11500000, guid: 19ecd15cbe3114b45b21cf37f1d54290, type: 3}
  m_Name: 
  m_EditorClassIdentifier: 
  m_on: 0
  lookSlerp: .5
  zOffset: 5
  yOffset: 2
--- !u!114 &1528816655
MonoBehaviour:
  m_ObjectHideFlags: 0
  m_PrefabParentObject: {fileID: 11400016, guid: f8eb00a394ccb4c6997d3ed3c38c5d44,
    type: 2}
  m_PrefabInternal: {fileID: 0}
  m_GameObject: {fileID: 1528816649}
  m_Enabled: 1
  m_EditorHideFlags: 0
  m_Script: {fileID: 11500000, guid: 5f0c0d0b8b4ca45e2bf48214d3ed3d29, type: 3}
  m_Name: 
  m_EditorClassIdentifier: 
  cameraOffset: {x: 0, y: 4, z: -4}
  targetOffset: {x: 0, y: 2, z: 2}
  m_on: 0
  rotateTowardsTime: .5
  alphaColor: .5
--- !u!114 &1528816656
MonoBehaviour:
  m_ObjectHideFlags: 0
  m_PrefabParentObject: {fileID: 11400018, guid: f8eb00a394ccb4c6997d3ed3c38c5d44,
    type: 2}
  m_PrefabInternal: {fileID: 0}
  m_GameObject: {fileID: 1528816649}
  m_Enabled: 1
  m_EditorHideFlags: 0
  m_Script: {fileID: 11500000, guid: 2b12effd7f283434898573913b9765df, type: 3}
  m_Name: 
  m_EditorClassIdentifier: 
  spinSpeed: 30
  cameraOffset: {x: 20, y: 20, z: 20}
  m_on: 1
--- !u!81 &1528816657
AudioListener:
  m_ObjectHideFlags: 0
  m_PrefabParentObject: {fileID: 8100000, guid: f8eb00a394ccb4c6997d3ed3c38c5d44,
    type: 2}
  m_PrefabInternal: {fileID: 0}
  m_GameObject: {fileID: 1528816649}
  m_Enabled: 1
--- !u!124 &1528816658
Behaviour:
  m_ObjectHideFlags: 0
  m_PrefabParentObject: {fileID: 12400000, guid: f8eb00a394ccb4c6997d3ed3c38c5d44,
    type: 2}
  m_PrefabInternal: {fileID: 0}
  m_GameObject: {fileID: 1528816649}
  m_Enabled: 1
--- !u!92 &1528816659
Behaviour:
  m_ObjectHideFlags: 0
  m_PrefabParentObject: {fileID: 9200004, guid: f8eb00a394ccb4c6997d3ed3c38c5d44,
    type: 2}
  m_PrefabInternal: {fileID: 0}
  m_GameObject: {fileID: 1528816649}
  m_Enabled: 1
--- !u!20 &1528816660
Camera:
  m_ObjectHideFlags: 0
  m_PrefabParentObject: {fileID: 2000004, guid: f8eb00a394ccb4c6997d3ed3c38c5d44,
    type: 2}
  m_PrefabInternal: {fileID: 0}
  m_GameObject: {fileID: 1528816649}
  m_Enabled: 1
  serializedVersion: 2
  m_ClearFlags: 1
  m_BackGroundColor: {r: 1, g: 1, b: 1, a: .0196078438}
  m_NormalizedViewPortRect:
    serializedVersion: 2
    x: 0
    y: 0
    width: 1
    height: 1
  near clip plane: .300000012
  far clip plane: 1000
  field of view: 65
  orthographic: 0
  orthographic size: 100
  m_Depth: -1
  m_CullingMask:
    serializedVersion: 2
    m_Bits: 4294964735
  m_RenderingPath: -1
  m_TargetTexture: {fileID: 0}
  m_TargetDisplay: 0
  m_TargetEye: 3
  m_HDR: 0
  m_OcclusionCulling: 1
  m_StereoConvergence: 10
  m_StereoSeparation: .0219999999
  m_StereoMirrorMode: 0
--- !u!1 &1609440450
GameObject:
  m_ObjectHideFlags: 0
  m_PrefabParentObject: {fileID: 100040, guid: f8eb00a394ccb4c6997d3ed3c38c5d44, type: 2}
  m_PrefabInternal: {fileID: 0}
  serializedVersion: 4
  m_Component:
  - 4: {fileID: 1609440451}
  - 114: {fileID: 1609440452}
  m_Layer: 0
  m_Name: GameObject
  m_TagString: Untagged
  m_Icon: {fileID: 0}
  m_NavMeshLayer: 0
  m_StaticEditorFlags: 0
  m_IsActive: 1
--- !u!4 &1609440451
Transform:
  m_ObjectHideFlags: 0
  m_PrefabParentObject: {fileID: 400040, guid: f8eb00a394ccb4c6997d3ed3c38c5d44, type: 2}
  m_PrefabInternal: {fileID: 0}
  m_GameObject: {fileID: 1609440450}
  m_LocalRotation: {x: 0, y: 0, z: 0, w: 1}
  m_LocalPosition: {x: -.320649862, y: 0, z: 1.97733879}
  m_LocalScale: {x: 1, y: 1, z: 1}
  m_Children: []
  m_Father: {fileID: 1740907192}
  m_RootOrder: 0
--- !u!114 &1609440452
MonoBehaviour:
  m_ObjectHideFlags: 0
  m_PrefabParentObject: {fileID: 11400022, guid: f8eb00a394ccb4c6997d3ed3c38c5d44,
    type: 2}
  m_PrefabInternal: {fileID: 0}
  m_GameObject: {fileID: 1609440450}
  m_Enabled: 1
  m_EditorHideFlags: 0
  m_Script: {fileID: 11500000, guid: fe243ea428d1d4326a6be04e96822218, type: 3}
  m_Name: 
  m_EditorClassIdentifier: 
  par: 2
--- !u!1 &1626777957
GameObject:
  m_ObjectHideFlags: 0
  m_PrefabParentObject: {fileID: 100016, guid: f8eb00a394ccb4c6997d3ed3c38c5d44, type: 2}
  m_PrefabInternal: {fileID: 0}
  serializedVersion: 4
  m_Component:
  - 4: {fileID: 1626777958}
  - 20: {fileID: 1626777960}
  - 92: {fileID: 1626777959}
  m_Layer: 0
  m_Name: GUICamera
  m_TagString: Untagged
  m_Icon: {fileID: 0}
  m_NavMeshLayer: 0
  m_StaticEditorFlags: 0
  m_IsActive: 1
--- !u!4 &1626777958
Transform:
  m_ObjectHideFlags: 0
  m_PrefabParentObject: {fileID: 400016, guid: f8eb00a394ccb4c6997d3ed3c38c5d44, type: 2}
  m_PrefabInternal: {fileID: 0}
  m_GameObject: {fileID: 1626777957}
  m_LocalRotation: {x: 0, y: 0, z: 0, w: 1}
  m_LocalPosition: {x: 0, y: 0, z: 0}
  m_LocalScale: {x: 1, y: 1, z: 1}
  m_Children: []
  m_Father: {fileID: 1174960836}
  m_RootOrder: 1
--- !u!92 &1626777959
Behaviour:
  m_ObjectHideFlags: 0
  m_PrefabParentObject: {fileID: 9200000, guid: f8eb00a394ccb4c6997d3ed3c38c5d44,
    type: 2}
  m_PrefabInternal: {fileID: 0}
  m_GameObject: {fileID: 1626777957}
  m_Enabled: 1
--- !u!20 &1626777960
Camera:
  m_ObjectHideFlags: 0
  m_PrefabParentObject: {fileID: 2000000, guid: f8eb00a394ccb4c6997d3ed3c38c5d44,
    type: 2}
  m_PrefabInternal: {fileID: 0}
  m_GameObject: {fileID: 1626777957}
  m_Enabled: 1
  serializedVersion: 2
  m_ClearFlags: 3
  m_BackGroundColor: {r: 1, g: 1, b: .474509805, a: .0196078438}
  m_NormalizedViewPortRect:
    serializedVersion: 2
    x: 0
    y: 0
    width: 1
    height: 1
  near clip plane: .300000012
  far clip plane: 1000
  field of view: 65
  orthographic: 1
  orthographic size: 100
  m_Depth: 2
  m_CullingMask:
    serializedVersion: 2
    m_Bits: 2048
  m_RenderingPath: -1
  m_TargetTexture: {fileID: 0}
  m_TargetDisplay: 0
  m_TargetEye: 3
  m_HDR: 0
  m_OcclusionCulling: 1
  m_StereoConvergence: 10
  m_StereoSeparation: .0219999999
  m_StereoMirrorMode: 0
--- !u!1 &1720373601
GameObject:
  m_ObjectHideFlags: 0
  m_PrefabParentObject: {fileID: 100018, guid: 6d594cf13c24248169045688348f08a2, type: 2}
  m_PrefabInternal: {fileID: 0}
  serializedVersion: 4
  m_Component:
  - 4: {fileID: 1720373602}
  - 33: {fileID: 1720373605}
  - 23: {fileID: 1720373604}
  - 64: {fileID: 1720373603}
  m_Layer: 0
  m_Name: tile20_floor
  m_TagString: Untagged
  m_Icon: {fileID: 0}
  m_NavMeshLayer: 0
  m_StaticEditorFlags: 4294967295
  m_IsActive: 1
--- !u!4 &1720373602
Transform:
  m_ObjectHideFlags: 0
  m_PrefabParentObject: {fileID: 400018, guid: 6d594cf13c24248169045688348f08a2, type: 2}
  m_PrefabInternal: {fileID: 0}
  m_GameObject: {fileID: 1720373601}
  m_LocalRotation: {x: -.707106829, y: 0, z: -0, w: .707106829}
  m_LocalPosition: {x: 0, y: 1, z: -99.236084}
  m_LocalScale: {x: 1, y: 1, z: 1}
  m_Children: []
  m_Father: {fileID: 580275540}
  m_RootOrder: 0
--- !u!64 &1720373603
MeshCollider:
  m_ObjectHideFlags: 0
  m_PrefabParentObject: {fileID: 6400006, guid: 6d594cf13c24248169045688348f08a2,
    type: 2}
  m_PrefabInternal: {fileID: 0}
  m_GameObject: {fileID: 1720373601}
  m_Material: {fileID: 13400000, guid: 5410a64fad11e8d6d00011d98d76c639, type: 2}
  m_IsTrigger: 0
  m_Enabled: 1
  serializedVersion: 2
  m_Convex: 0
  m_Mesh: {fileID: 4300002, guid: 8c19ff53c398941b58f3e74cd19822c3, type: 3}
--- !u!23 &1720373604
MeshRenderer:
  m_ObjectHideFlags: 0
  m_PrefabParentObject: {fileID: 2300010, guid: 6d594cf13c24248169045688348f08a2,
    type: 2}
  m_PrefabInternal: {fileID: 0}
  m_GameObject: {fileID: 1720373601}
  m_Enabled: 1
  m_CastShadows: 1
  m_ReceiveShadows: 1
  m_Materials:
  - {fileID: 2100000, guid: 2948463c79a4940d6b65346e5b534c68, type: 2}
  m_SubsetIndices: 
  m_StaticBatchRoot: {fileID: 0}
  m_UseLightProbes: 0
  m_ReflectionProbeUsage: 1
  m_ProbeAnchor: {fileID: 0}
  m_ScaleInLightmap: 1
  m_PreserveUVs: 0
  m_ImportantGI: 0
  m_AutoUVMaxDistance: .5
  m_AutoUVMaxAngle: 89
  m_LightmapParameters: {fileID: 0}
  m_SortingLayerID: 0
  m_SortingOrder: 0
--- !u!33 &1720373605
MeshFilter:
  m_ObjectHideFlags: 0
  m_PrefabParentObject: {fileID: 3300010, guid: 6d594cf13c24248169045688348f08a2,
    type: 2}
  m_PrefabInternal: {fileID: 0}
  m_GameObject: {fileID: 1720373601}
  m_Mesh: {fileID: 4300002, guid: 8c19ff53c398941b58f3e74cd19822c3, type: 3}
--- !u!1 &1740907191
GameObject:
  m_ObjectHideFlags: 0
  m_PrefabParentObject: {fileID: 100000, guid: f8eb00a394ccb4c6997d3ed3c38c5d44, type: 2}
  m_PrefabInternal: {fileID: 0}
  serializedVersion: 4
  m_Component:
  - 4: {fileID: 1740907192}
  m_Layer: 0
  m_Name: Hole
  m_TagString: Untagged
  m_Icon: {fileID: 0}
  m_NavMeshLayer: 0
  m_StaticEditorFlags: 0
  m_IsActive: 0
--- !u!4 &1740907192
Transform:
  m_ObjectHideFlags: 0
  m_PrefabParentObject: {fileID: 400000, guid: f8eb00a394ccb4c6997d3ed3c38c5d44, type: 2}
  m_PrefabInternal: {fileID: 0}
  m_GameObject: {fileID: 1740907191}
  m_LocalRotation: {x: 0, y: 0, z: 0, w: 1}
  m_LocalPosition: {x: 0, y: 0, z: 0}
  m_LocalScale: {x: 1, y: 1, z: 1}
  m_Children:
  - {fileID: 1609440451}
  - {fileID: 1174960836}
  m_Father: {fileID: 118190631}
  m_RootOrder: 10
--- !u!1 &1779307413
GameObject:
  m_ObjectHideFlags: 0
  m_PrefabParentObject: {fileID: 100002, guid: 6d594cf13c24248169045688348f08a2, type: 2}
  m_PrefabInternal: {fileID: 0}
  serializedVersion: 4
  m_Component:
  - 4: {fileID: 1779307414}
  m_Layer: 9
  m_Name: TrailNode
  m_TagString: Untagged
  m_Icon: {fileID: 0}
  m_NavMeshLayer: 0
  m_StaticEditorFlags: 0
  m_IsActive: 1
--- !u!4 &1779307414
Transform:
  m_ObjectHideFlags: 0
  m_PrefabParentObject: {fileID: 400002, guid: 6d594cf13c24248169045688348f08a2, type: 2}
  m_PrefabInternal: {fileID: 0}
  m_GameObject: {fileID: 1779307413}
  m_LocalRotation: {x: 0, y: 1, z: 0, w: -1.62920685e-07}
  m_LocalPosition: {x: 0, y: 0, z: 0}
  m_LocalScale: {x: 10, y: 10, z: 10}
  m_Children:
  - {fileID: 197218218}
  m_Father: {fileID: 503767038}
  m_RootOrder: 0
--- !u!1 &2005806740
GameObject:
  m_ObjectHideFlags: 0
  m_PrefabParentObject: {fileID: 100006, guid: 6d594cf13c24248169045688348f08a2, type: 2}
  m_PrefabInternal: {fileID: 0}
  serializedVersion: 4
  m_Component:
  - 4: {fileID: 2005806741}
  - 95: {fileID: 2005806742}
  m_Layer: 0
  m_Name: tile20 (2)
  m_TagString: Untagged
  m_Icon: {fileID: 0}
  m_NavMeshLayer: 0
  m_StaticEditorFlags: 4294967295
  m_IsActive: 1
--- !u!4 &2005806741
Transform:
  m_ObjectHideFlags: 0
  m_PrefabParentObject: {fileID: 400006, guid: 6d594cf13c24248169045688348f08a2, type: 2}
  m_PrefabInternal: {fileID: 0}
  m_GameObject: {fileID: 2005806740}
  m_LocalRotation: {x: 0, y: 1, z: 0, w: -4.37113883e-08}
  m_LocalPosition: {x: 12.6218128, y: 0, z: 31.2755775}
  m_LocalScale: {x: .100000001, y: .100000001, z: .100000001}
  m_Children:
  - {fileID: 1353143877}
  m_Father: {fileID: 118190631}
  m_RootOrder: 1
--- !u!95 &2005806742
Animator:
  serializedVersion: 3
  m_ObjectHideFlags: 0
  m_PrefabParentObject: {fileID: 9500000, guid: 6d594cf13c24248169045688348f08a2,
    type: 2}
  m_PrefabInternal: {fileID: 0}
  m_GameObject: {fileID: 2005806740}
  m_Enabled: 1
  m_Avatar: {fileID: 9000000, guid: 8c19ff53c398941b58f3e74cd19822c3, type: 3}
  m_Controller: {fileID: 0}
  m_CullingMode: 1
  m_UpdateMode: 0
  m_ApplyRootMotion: 1
  m_LinearVelocityBlending: 0
  m_WarningMessage: 
  m_HasTransformHierarchy: 1
  m_AllowConstantClipSamplingOptimization: 1
--- !u!1 &2058665237
GameObject:
  m_ObjectHideFlags: 0
  m_PrefabParentObject: {fileID: 100012, guid: 6d594cf13c24248169045688348f08a2, type: 2}
  m_PrefabInternal: {fileID: 0}
  serializedVersion: 4
  m_Component:
  - 4: {fileID: 2058665238}
  - 95: {fileID: 2058665239}
  m_Layer: 0
  m_Name: tile16
  m_TagString: Untagged
  m_Icon: {fileID: 0}
  m_NavMeshLayer: 0
  m_StaticEditorFlags: 4294967295
  m_IsActive: 1
--- !u!4 &2058665238
Transform:
  m_ObjectHideFlags: 0
  m_PrefabParentObject: {fileID: 400012, guid: 6d594cf13c24248169045688348f08a2, type: 2}
  m_PrefabInternal: {fileID: 0}
  m_GameObject: {fileID: 2058665237}
  m_LocalRotation: {x: 0, y: .707106829, z: 0, w: .707106829}
  m_LocalPosition: {x: 9.79888153, y: 0, z: 41.0529366}
  m_LocalScale: {x: .100000001, y: .100000001, z: .100000001}
  m_Children: []
  m_Father: {fileID: 118190631}
  m_RootOrder: 2
--- !u!95 &2058665239
Animator:
  serializedVersion: 3
  m_ObjectHideFlags: 0
  m_PrefabParentObject: {fileID: 9500002, guid: 6d594cf13c24248169045688348f08a2,
    type: 2}
  m_PrefabInternal: {fileID: 0}
  m_GameObject: {fileID: 2058665237}
  m_Enabled: 1
  m_Avatar: {fileID: 9000000, guid: 1adb387d0fe9b45488efd60a5bb687c0, type: 3}
  m_Controller: {fileID: 0}
  m_CullingMode: 1
  m_UpdateMode: 0
  m_ApplyRootMotion: 1
  m_LinearVelocityBlending: 0
  m_WarningMessage: 
  m_HasTransformHierarchy: 1
  m_AllowConstantClipSamplingOptimization: 1
--- !u!1 &2120953000
GameObject:
  m_ObjectHideFlags: 0
  m_PrefabParentObject: {fileID: 100002, guid: ac9437f19ec3c4969869e404a06e67c1, type: 2}
  m_PrefabInternal: {fileID: 0}
  serializedVersion: 4
  m_Component:
  - 4: {fileID: 2120953001}
  - 33: {fileID: 2120953004}
  - 23: {fileID: 2120953003}
  - 64: {fileID: 2120953002}
  m_Layer: 0
  m_Name: tile09_floor
  m_TagString: Untagged
  m_Icon: {fileID: 0}
  m_NavMeshLayer: 0
  m_StaticEditorFlags: 4294967295
  m_IsActive: 1
--- !u!4 &2120953001
Transform:
  m_ObjectHideFlags: 0
  m_PrefabParentObject: {fileID: 400002, guid: ac9437f19ec3c4969869e404a06e67c1, type: 2}
  m_PrefabInternal: {fileID: 0}
  m_GameObject: {fileID: 2120953000}
  m_LocalRotation: {x: -.5, y: .5, z: .5, w: .5}
  m_LocalPosition: {x: -1.70039177, y: 1, z: 283.39624}
  m_LocalScale: {x: 1, y: 1, z: 1}
  m_Children: []
  m_Father: {fileID: 335418941}
  m_RootOrder: 3
--- !u!64 &2120953002
MeshCollider:
  m_ObjectHideFlags: 0
  m_PrefabParentObject: {fileID: 6400002, guid: ac9437f19ec3c4969869e404a06e67c1,
    type: 2}
  m_PrefabInternal: {fileID: 0}
  m_GameObject: {fileID: 2120953000}
  m_Material: {fileID: 13400000, guid: 5410a64fad11e8d6d00011d98d76c639, type: 2}
  m_IsTrigger: 0
  m_Enabled: 1
  serializedVersion: 2
  m_Convex: 0
  m_Mesh: {fileID: 4300004, guid: e106782d93da443fa9780c4cf132f6b1, type: 3}
--- !u!23 &2120953003
MeshRenderer:
  m_ObjectHideFlags: 0
  m_PrefabParentObject: {fileID: 2300002, guid: ac9437f19ec3c4969869e404a06e67c1,
    type: 2}
  m_PrefabInternal: {fileID: 0}
  m_GameObject: {fileID: 2120953000}
  m_Enabled: 1
  m_CastShadows: 1
  m_ReceiveShadows: 1
  m_Materials:
  - {fileID: 2100000, guid: 5504b3f852abd4a9aba674539e4c876e, type: 2}
  m_SubsetIndices: 
  m_StaticBatchRoot: {fileID: 0}
  m_UseLightProbes: 0
  m_ReflectionProbeUsage: 1
  m_ProbeAnchor: {fileID: 0}
  m_ScaleInLightmap: 1
  m_PreserveUVs: 0
  m_ImportantGI: 0
  m_AutoUVMaxDistance: .5
  m_AutoUVMaxAngle: 89
  m_LightmapParameters: {fileID: 0}
  m_SortingLayerID: 0
  m_SortingOrder: 0
--- !u!33 &2120953004
MeshFilter:
  m_ObjectHideFlags: 0
  m_PrefabParentObject: {fileID: 3300002, guid: ac9437f19ec3c4969869e404a06e67c1,
    type: 2}
  m_PrefabInternal: {fileID: 0}
  m_GameObject: {fileID: 2120953000}
  m_Mesh: {fileID: 4300004, guid: e106782d93da443fa9780c4cf132f6b1, type: 3}
