%YAML 1.1
%TAG !u! tag:unity3d.com,2011:
--- !u!29 &1
SceneSettings:
  m_ObjectHideFlags: 0
  m_PVSData: 
  m_PVSObjectsArray: []
  m_PVSPortalsArray: []
  m_OcclusionBakeSettings:
    smallestOccluder: 5
    smallestHole: .25
    backfaceThreshold: 100
--- !u!104 &2
RenderSettings:
  m_ObjectHideFlags: 0
  serializedVersion: 6
  m_Fog: 0
  m_FogColor: {r: .5, g: .5, b: .5, a: 1}
  m_FogMode: 3
  m_FogDensity: .00999999978
  m_LinearFogStart: 0
  m_LinearFogEnd: 300
  m_AmbientSkyColor: {r: .200000003, g: .200000003, b: .200000003, a: 1}
  m_AmbientEquatorColor: {r: .200000003, g: .200000003, b: .200000003, a: 1}
  m_AmbientGroundColor: {r: .200000003, g: .200000003, b: .200000003, a: 1}
  m_AmbientIntensity: 1
  m_AmbientMode: 3
  m_SkyboxMaterial: {fileID: 2100000, guid: 717bd122515ce89499c2f196640de62a, type: 2}
  m_HaloStrength: .5
  m_FlareStrength: 1
  m_FlareFadeSpeed: 3
  m_HaloTexture: {fileID: 0}
  m_SpotCookie: {fileID: 10001, guid: 0000000000000000e000000000000000, type: 0}
  m_DefaultReflectionMode: 0
  m_DefaultReflectionResolution: 128
  m_ReflectionBounces: 1
  m_ReflectionIntensity: 1
  m_CustomReflection: {fileID: 0}
  m_Sun: {fileID: 0}
--- !u!157 &4
LightmapSettings:
  m_ObjectHideFlags: 0
  serializedVersion: 5
  m_GIWorkflowMode: 1
  m_LightmapsMode: 1
  m_GISettings:
    serializedVersion: 2
    m_BounceScale: 1
    m_IndirectOutputScale: 1
    m_AlbedoBoost: 1
    m_TemporalCoherenceThreshold: 1
    m_EnvironmentLightingMode: 0
    m_EnableBakedLightmaps: 1
    m_EnableRealtimeLightmaps: 0
  m_LightmapEditorSettings:
    serializedVersion: 3
    m_Resolution: 1
    m_BakeResolution: 50
    m_TextureWidth: 1024
    m_TextureHeight: 1024
    m_AOMaxDistance: 1
    m_Padding: 2
    m_CompAOExponent: 0
    m_LightmapParameters: {fileID: 0}
    m_TextureCompression: 0
    m_FinalGather: 0
    m_FinalGatherRayCount: 1024
    m_ReflectionCompression: 2
  m_LightmapSnapshot: {fileID: 0}
  m_RuntimeCPUUsage: 25
--- !u!196 &5
NavMeshSettings:
  serializedVersion: 2
  m_ObjectHideFlags: 0
  m_BuildSettings:
    serializedVersion: 2
    agentRadius: .5
    agentHeight: 2
    agentSlope: 45
    agentClimb: .400000006
    ledgeDropHeight: 0
    maxJumpAcrossDistance: 0
    accuratePlacement: 0
    minRegionArea: 2
    cellSize: .166666657
    manualCellSize: 0
  m_NavMeshData: {fileID: 0}
--- !u!1 &3054347
GameObject:
  m_ObjectHideFlags: 0
  m_PrefabParentObject: {fileID: 100012, guid: 6b3e710695454413ba6129d2d826a43f, type: 2}
  m_PrefabInternal: {fileID: 0}
  serializedVersion: 4
  m_Component:
  - 4: {fileID: 3054348}
  m_Layer: 0
  m_Name: CourseC
  m_TagString: Untagged
  m_Icon: {fileID: 0}
  m_NavMeshLayer: 0
  m_StaticEditorFlags: 0
  m_IsActive: 1
--- !u!4 &3054348
Transform:
  m_ObjectHideFlags: 0
  m_PrefabParentObject: {fileID: 400012, guid: 6b3e710695454413ba6129d2d826a43f, type: 2}
  m_PrefabInternal: {fileID: 0}
  m_GameObject: {fileID: 3054347}
  m_LocalRotation: {x: 0, y: 0, z: 0, w: 1}
  m_LocalPosition: {x: 12.8000002, y: 2.20000267, z: 69.430542}
  m_LocalScale: {x: 1, y: 1, z: 1}
  m_Children:
  - {fileID: 1616726590}
  - {fileID: 1822416099}
  m_Father: {fileID: 1700551361}
  m_RootOrder: 0
--- !u!1 &51605958
GameObject:
  m_ObjectHideFlags: 0
  m_PrefabParentObject: {fileID: 100008, guid: 6d594cf13c24248169045688348f08a2, type: 2}
  m_PrefabInternal: {fileID: 0}
  serializedVersion: 4
  m_Component:
  - 4: {fileID: 51605959}
  - 33: {fileID: 51605962}
  - 23: {fileID: 51605961}
  - 64: {fileID: 51605960}
  m_Layer: 0
  m_Name: tile16_floor (2)
  m_TagString: Untagged
  m_Icon: {fileID: 0}
  m_NavMeshLayer: 0
  m_StaticEditorFlags: 4294967295
  m_IsActive: 1
--- !u!4 &51605959
Transform:
  m_ObjectHideFlags: 0
  m_PrefabParentObject: {fileID: 400008, guid: 6d594cf13c24248169045688348f08a2, type: 2}
  m_PrefabInternal: {fileID: 0}
  m_GameObject: {fileID: 51605958}
  m_LocalRotation: {x: -.707106829, y: 0, z: 0, w: .707106829}
  m_LocalPosition: {x: .0242426395, y: .100001998, z: 53.6301422}
  m_LocalScale: {x: .100000001, y: .100000001, z: .100000001}
  m_Children: []
  m_Father: {fileID: 1700551361}
  m_RootOrder: 1
--- !u!64 &51605960
MeshCollider:
  m_ObjectHideFlags: 0
  m_PrefabParentObject: {fileID: 6400000, guid: 6d594cf13c24248169045688348f08a2,
    type: 2}
  m_PrefabInternal: {fileID: 0}
  m_GameObject: {fileID: 51605958}
  m_Material: {fileID: 13400000, guid: 5410a64fad11e8d6d00011d98d76c639, type: 2}
  m_IsTrigger: 0
  m_Enabled: 1
  serializedVersion: 2
  m_Convex: 0
  m_Mesh: {fileID: 4300002, guid: 1adb387d0fe9b45488efd60a5bb687c0, type: 3}
--- !u!23 &51605961
MeshRenderer:
  m_ObjectHideFlags: 0
  m_PrefabParentObject: {fileID: 2300004, guid: 6d594cf13c24248169045688348f08a2,
    type: 2}
  m_PrefabInternal: {fileID: 0}
  m_GameObject: {fileID: 51605958}
  m_Enabled: 1
  m_CastShadows: 1
  m_ReceiveShadows: 1
  m_Materials:
  - {fileID: 2100000, guid: 5504b3f852abd4a9aba674539e4c876e, type: 2}
  m_SubsetIndices: 
  m_StaticBatchRoot: {fileID: 0}
  m_UseLightProbes: 0
  m_ReflectionProbeUsage: 1
  m_ProbeAnchor: {fileID: 0}
  m_ScaleInLightmap: 1
  m_PreserveUVs: 0
  m_ImportantGI: 0
  m_AutoUVMaxDistance: .5
  m_AutoUVMaxAngle: 89
  m_LightmapParameters: {fileID: 0}
  m_SortingLayerID: 0
  m_SortingOrder: 0
--- !u!33 &51605962
MeshFilter:
  m_ObjectHideFlags: 0
  m_PrefabParentObject: {fileID: 3300004, guid: 6d594cf13c24248169045688348f08a2,
    type: 2}
  m_PrefabInternal: {fileID: 0}
  m_GameObject: {fileID: 51605958}
  m_Mesh: {fileID: 4300002, guid: 1adb387d0fe9b45488efd60a5bb687c0, type: 3}
--- !u!1 &134183404
GameObject:
  m_ObjectHideFlags: 0
  m_PrefabParentObject: {fileID: 100008, guid: 6d594cf13c24248169045688348f08a2, type: 2}
  m_PrefabInternal: {fileID: 0}
  serializedVersion: 4
  m_Component:
  - 4: {fileID: 134183405}
  - 33: {fileID: 134183408}
  - 23: {fileID: 134183407}
  - 64: {fileID: 134183406}
  m_Layer: 0
  m_Name: tile16_floor (1)
  m_TagString: Untagged
  m_Icon: {fileID: 0}
  m_NavMeshLayer: 0
  m_StaticEditorFlags: 4294967295
  m_IsActive: 1
--- !u!4 &134183405
Transform:
  m_ObjectHideFlags: 0
  m_PrefabParentObject: {fileID: 400008, guid: 6d594cf13c24248169045688348f08a2, type: 2}
  m_PrefabInternal: {fileID: 0}
  m_GameObject: {fileID: 134183404}
  m_LocalRotation: {x: -.707106829, y: 0, z: 0, w: .707106829}
  m_LocalPosition: {x: .0242426395, y: .100001998, z: 41.060215}
  m_LocalScale: {x: .100000001, y: .100000001, z: .100000001}
  m_Children: []
  m_Father: {fileID: 1700551361}
  m_RootOrder: 2
--- !u!64 &134183406
MeshCollider:
  m_ObjectHideFlags: 0
  m_PrefabParentObject: {fileID: 6400000, guid: 6d594cf13c24248169045688348f08a2,
    type: 2}
  m_PrefabInternal: {fileID: 0}
  m_GameObject: {fileID: 134183404}
  m_Material: {fileID: 13400000, guid: 5410a64fad11e8d6d00011d98d76c639, type: 2}
  m_IsTrigger: 0
  m_Enabled: 1
  serializedVersion: 2
  m_Convex: 0
  m_Mesh: {fileID: 4300002, guid: 1adb387d0fe9b45488efd60a5bb687c0, type: 3}
--- !u!23 &134183407
MeshRenderer:
  m_ObjectHideFlags: 0
  m_PrefabParentObject: {fileID: 2300004, guid: 6d594cf13c24248169045688348f08a2,
    type: 2}
  m_PrefabInternal: {fileID: 0}
  m_GameObject: {fileID: 134183404}
  m_Enabled: 1
  m_CastShadows: 1
  m_ReceiveShadows: 1
  m_Materials:
  - {fileID: 2100000, guid: 5504b3f852abd4a9aba674539e4c876e, type: 2}
  m_SubsetIndices: 
  m_StaticBatchRoot: {fileID: 0}
  m_UseLightProbes: 0
  m_ReflectionProbeUsage: 1
  m_ProbeAnchor: {fileID: 0}
  m_ScaleInLightmap: 1
  m_PreserveUVs: 0
  m_ImportantGI: 0
  m_AutoUVMaxDistance: .5
  m_AutoUVMaxAngle: 89
  m_LightmapParameters: {fileID: 0}
  m_SortingLayerID: 0
  m_SortingOrder: 0
--- !u!33 &134183408
MeshFilter:
  m_ObjectHideFlags: 0
  m_PrefabParentObject: {fileID: 3300004, guid: 6d594cf13c24248169045688348f08a2,
    type: 2}
  m_PrefabInternal: {fileID: 0}
  m_GameObject: {fileID: 134183404}
  m_Mesh: {fileID: 4300002, guid: 1adb387d0fe9b45488efd60a5bb687c0, type: 3}
--- !u!1 &299411882
GameObject:
  m_ObjectHideFlags: 0
  m_PrefabParentObject: {fileID: 100038, guid: f8eb00a394ccb4c6997d3ed3c38c5d44, type: 2}
  m_PrefabInternal: {fileID: 0}
  serializedVersion: 4
  m_Component:
  - 4: {fileID: 299411883}
  - 20: {fileID: 299411893}
  - 92: {fileID: 299411892}
  - 124: {fileID: 299411891}
  - 81: {fileID: 299411890}
  - 114: {fileID: 299411889}
  - 114: {fileID: 299411888}
  - 114: {fileID: 299411887}
  - 114: {fileID: 299411886}
  - 114: {fileID: 299411885}
  - 45: {fileID: 299411884}
  m_Layer: 0
  m_Name: Camera
  m_TagString: MainCamera
  m_Icon: {fileID: 0}
  m_NavMeshLayer: 0
  m_StaticEditorFlags: 0
  m_IsActive: 1
--- !u!4 &299411883
Transform:
  m_ObjectHideFlags: 0
  m_PrefabParentObject: {fileID: 400038, guid: f8eb00a394ccb4c6997d3ed3c38c5d44, type: 2}
  m_PrefabInternal: {fileID: 0}
  m_GameObject: {fileID: 299411882}
  m_LocalRotation: {x: .29237169, y: 0, z: 0, w: .956304789}
  m_LocalPosition: {x: 147.873917, y: 44, z: -80}
  m_LocalScale: {x: 1, y: 1, z: 1}
  m_Children:
  - {fileID: 1087876527}
  m_Father: {fileID: 1719314757}
  m_RootOrder: 0
--- !u!45 &299411884
Skybox:
  m_ObjectHideFlags: 0
  m_PrefabParentObject: {fileID: 4500000, guid: f8eb00a394ccb4c6997d3ed3c38c5d44,
    type: 2}
  m_PrefabInternal: {fileID: 0}
  m_GameObject: {fileID: 299411882}
  m_Enabled: 0
  m_CustomSkybox: {fileID: 2100000, guid: a2126534b3a11b34e977105bd9e3cc03, type: 2}
--- !u!114 &299411885
MonoBehaviour:
  m_ObjectHideFlags: 0
  m_PrefabParentObject: {fileID: 11400020, guid: f8eb00a394ccb4c6997d3ed3c38c5d44,
    type: 2}
  m_PrefabInternal: {fileID: 0}
  m_GameObject: {fileID: 299411882}
  m_Enabled: 1
  m_EditorHideFlags: 0
  m_Script: {fileID: 11500000, guid: ac58c9593ec1c4012bc3993f069b68c0, type: 3}
  m_Name: 
  m_EditorClassIdentifier: 
  m_on: 0
  rotateTowardsTime: .5
  cameraOffset: {x: 0, y: 55, z: .100000001}
--- !u!114 &299411886
MonoBehaviour:
  m_ObjectHideFlags: 0
  m_PrefabParentObject: {fileID: 11400012, guid: f8eb00a394ccb4c6997d3ed3c38c5d44,
    type: 2}
  m_PrefabInternal: {fileID: 0}
  m_GameObject: {fileID: 299411882}
  m_Enabled: 1
  m_EditorHideFlags: 0
  m_Script: {fileID: 11500000, guid: 3429607681839490d94b1b0072fb039c, type: 3}
  m_Name: 
  m_EditorClassIdentifier: 
  spinSpeed: 10
  cameraOffset: {x: 30, y: 30, z: 30}
  m_on: 0
--- !u!114 &299411887
MonoBehaviour:
  m_ObjectHideFlags: 0
  m_PrefabParentObject: {fileID: 11400014, guid: f8eb00a394ccb4c6997d3ed3c38c5d44,
    type: 2}
  m_PrefabInternal: {fileID: 0}
  m_GameObject: {fileID: 299411882}
  m_Enabled: 1
  m_EditorHideFlags: 0
  m_Script: {fileID: 11500000, guid: 19ecd15cbe3114b45b21cf37f1d54290, type: 3}
  m_Name: 
  m_EditorClassIdentifier: 
  m_on: 0
  lookSlerp: .5
  zOffset: 5
  yOffset: 2
--- !u!114 &299411888
MonoBehaviour:
  m_ObjectHideFlags: 0
  m_PrefabParentObject: {fileID: 11400016, guid: f8eb00a394ccb4c6997d3ed3c38c5d44,
    type: 2}
  m_PrefabInternal: {fileID: 0}
  m_GameObject: {fileID: 299411882}
  m_Enabled: 1
  m_EditorHideFlags: 0
  m_Script: {fileID: 11500000, guid: 5f0c0d0b8b4ca45e2bf48214d3ed3d29, type: 3}
  m_Name: 
  m_EditorClassIdentifier: 
  cameraOffset: {x: 0, y: 4, z: -4}
  targetOffset: {x: 0, y: 2, z: 2}
  m_on: 0
  rotateTowardsTime: .5
  alphaColor: .5
--- !u!114 &299411889
MonoBehaviour:
  m_ObjectHideFlags: 0
  m_PrefabParentObject: {fileID: 11400018, guid: f8eb00a394ccb4c6997d3ed3c38c5d44,
    type: 2}
  m_PrefabInternal: {fileID: 0}
  m_GameObject: {fileID: 299411882}
  m_Enabled: 1
  m_EditorHideFlags: 0
  m_Script: {fileID: 11500000, guid: 2b12effd7f283434898573913b9765df, type: 3}
  m_Name: 
  m_EditorClassIdentifier: 
  spinSpeed: 30
  cameraOffset: {x: 20, y: 20, z: 20}
  m_on: 1
--- !u!81 &299411890
AudioListener:
  m_ObjectHideFlags: 0
  m_PrefabParentObject: {fileID: 8100000, guid: f8eb00a394ccb4c6997d3ed3c38c5d44,
    type: 2}
  m_PrefabInternal: {fileID: 0}
  m_GameObject: {fileID: 299411882}
  m_Enabled: 1
--- !u!124 &299411891
Behaviour:
  m_ObjectHideFlags: 0
  m_PrefabParentObject: {fileID: 12400000, guid: f8eb00a394ccb4c6997d3ed3c38c5d44,
    type: 2}
  m_PrefabInternal: {fileID: 0}
  m_GameObject: {fileID: 299411882}
  m_Enabled: 1
--- !u!92 &299411892
Behaviour:
  m_ObjectHideFlags: 0
  m_PrefabParentObject: {fileID: 9200004, guid: f8eb00a394ccb4c6997d3ed3c38c5d44,
    type: 2}
  m_PrefabInternal: {fileID: 0}
  m_GameObject: {fileID: 299411882}
  m_Enabled: 1
--- !u!20 &299411893
Camera:
  m_ObjectHideFlags: 0
  m_PrefabParentObject: {fileID: 2000004, guid: f8eb00a394ccb4c6997d3ed3c38c5d44,
    type: 2}
  m_PrefabInternal: {fileID: 0}
  m_GameObject: {fileID: 299411882}
  m_Enabled: 1
  serializedVersion: 2
  m_ClearFlags: 1
  m_BackGroundColor: {r: 1, g: 1, b: 1, a: .0196078438}
  m_NormalizedViewPortRect:
    serializedVersion: 2
    x: 0
    y: 0
    width: 1
    height: 1
  near clip plane: .300000012
  far clip plane: 1000
  field of view: 65
  orthographic: 0
  orthographic size: 100
  m_Depth: -1
  m_CullingMask:
    serializedVersion: 2
    m_Bits: 4294964735
  m_RenderingPath: -1
  m_TargetTexture: {fileID: 0}
  m_TargetDisplay: 0
  m_TargetEye: 3
  m_HDR: 0
  m_OcclusionCulling: 1
  m_StereoConvergence: 10
  m_StereoSeparation: .0219999999
  m_StereoMirrorMode: 0
--- !u!1 &341524593
GameObject:
  m_ObjectHideFlags: 0
  m_PrefabParentObject: {fileID: 100040, guid: f8eb00a394ccb4c6997d3ed3c38c5d44, type: 2}
  m_PrefabInternal: {fileID: 0}
  serializedVersion: 4
  m_Component:
  - 4: {fileID: 341524594}
  - 114: {fileID: 341524595}
  m_Layer: 0
  m_Name: GameObject
  m_TagString: Untagged
  m_Icon: {fileID: 0}
  m_NavMeshLayer: 0
  m_StaticEditorFlags: 0
  m_IsActive: 1
--- !u!4 &341524594
Transform:
  m_ObjectHideFlags: 0
  m_PrefabParentObject: {fileID: 400040, guid: f8eb00a394ccb4c6997d3ed3c38c5d44, type: 2}
  m_PrefabInternal: {fileID: 0}
  m_GameObject: {fileID: 341524593}
  m_LocalRotation: {x: 0, y: 0, z: 0, w: 1}
  m_LocalPosition: {x: -.320649862, y: 0, z: 1.97733879}
  m_LocalScale: {x: 1, y: 1, z: 1}
  m_Children: []
  m_Father: {fileID: 1934892154}
  m_RootOrder: 0
--- !u!114 &341524595
MonoBehaviour:
  m_ObjectHideFlags: 0
  m_PrefabParentObject: {fileID: 11400022, guid: f8eb00a394ccb4c6997d3ed3c38c5d44,
    type: 2}
  m_PrefabInternal: {fileID: 0}
  m_GameObject: {fileID: 341524593}
  m_Enabled: 1
  m_EditorHideFlags: 0
  m_Script: {fileID: 11500000, guid: fe243ea428d1d4326a6be04e96822218, type: 3}
  m_Name: 
  m_EditorClassIdentifier: 
  par: 4
--- !u!1 &361432096
GameObject:
  m_ObjectHideFlags: 0
  m_PrefabParentObject: {fileID: 100008, guid: 6d594cf13c24248169045688348f08a2, type: 2}
  m_PrefabInternal: {fileID: 0}
  serializedVersion: 4
  m_Component:
  - 4: {fileID: 361432097}
  - 33: {fileID: 361432100}
  - 23: {fileID: 361432099}
  - 64: {fileID: 361432098}
  m_Layer: 0
  m_Name: tile16_floor
  m_TagString: Untagged
  m_Icon: {fileID: 0}
  m_NavMeshLayer: 0
  m_StaticEditorFlags: 4294967295
  m_IsActive: 1
--- !u!4 &361432097
Transform:
  m_ObjectHideFlags: 0
  m_PrefabParentObject: {fileID: 400008, guid: 6d594cf13c24248169045688348f08a2, type: 2}
  m_PrefabInternal: {fileID: 0}
  m_GameObject: {fileID: 361432096}
  m_LocalRotation: {x: -.707106829, y: 0, z: 0, w: .707106829}
  m_LocalPosition: {x: .0242426395, y: .100001998, z: 15.6185474}
  m_LocalScale: {x: .100000001, y: .100000001, z: .100000001}
  m_Children: []
  m_Father: {fileID: 1700551361}
  m_RootOrder: 6
--- !u!64 &361432098
MeshCollider:
  m_ObjectHideFlags: 0
  m_PrefabParentObject: {fileID: 6400000, guid: 6d594cf13c24248169045688348f08a2,
    type: 2}
  m_PrefabInternal: {fileID: 0}
  m_GameObject: {fileID: 361432096}
  m_Material: {fileID: 13400000, guid: 5410a64fad11e8d6d00011d98d76c639, type: 2}
  m_IsTrigger: 0
  m_Enabled: 1
  serializedVersion: 2
  m_Convex: 0
  m_Mesh: {fileID: 4300002, guid: 1adb387d0fe9b45488efd60a5bb687c0, type: 3}
--- !u!23 &361432099
MeshRenderer:
  m_ObjectHideFlags: 0
  m_PrefabParentObject: {fileID: 2300004, guid: 6d594cf13c24248169045688348f08a2,
    type: 2}
  m_PrefabInternal: {fileID: 0}
  m_GameObject: {fileID: 361432096}
  m_Enabled: 1
  m_CastShadows: 1
  m_ReceiveShadows: 1
  m_Materials:
  - {fileID: 2100000, guid: 5504b3f852abd4a9aba674539e4c876e, type: 2}
  m_SubsetIndices: 
  m_StaticBatchRoot: {fileID: 0}
  m_UseLightProbes: 0
  m_ReflectionProbeUsage: 1
  m_ProbeAnchor: {fileID: 0}
  m_ScaleInLightmap: 1
  m_PreserveUVs: 0
  m_ImportantGI: 0
  m_AutoUVMaxDistance: .5
  m_AutoUVMaxAngle: 89
  m_LightmapParameters: {fileID: 0}
  m_SortingLayerID: 0
  m_SortingOrder: 0
--- !u!33 &361432100
MeshFilter:
  m_ObjectHideFlags: 0
  m_PrefabParentObject: {fileID: 3300004, guid: 6d594cf13c24248169045688348f08a2,
    type: 2}
  m_PrefabInternal: {fileID: 0}
  m_GameObject: {fileID: 361432096}
  m_Mesh: {fileID: 4300002, guid: 1adb387d0fe9b45488efd60a5bb687c0, type: 3}
--- !u!1 &425279999
GameObject:
  m_ObjectHideFlags: 0
  m_PrefabParentObject: {fileID: 0}
  m_PrefabInternal: {fileID: 0}
  serializedVersion: 4
  m_Component:
  - 4: {fileID: 425280003}
  - 114: {fileID: 425280002}
  - 114: {fileID: 425280001}
  - 114: {fileID: 425280000}
  m_Layer: 0
  m_Name: EventSystem
  m_TagString: Untagged
  m_Icon: {fileID: 0}
  m_NavMeshLayer: 0
  m_StaticEditorFlags: 0
  m_IsActive: 1
--- !u!114 &425280000
MonoBehaviour:
  m_ObjectHideFlags: 0
  m_PrefabParentObject: {fileID: 0}
  m_PrefabInternal: {fileID: 0}
  m_GameObject: {fileID: 425279999}
  m_Enabled: 1
  m_EditorHideFlags: 0
  m_Script: {fileID: 1997211142, guid: f5f67c52d1564df4a8936ccd202a3bd8, type: 3}
  m_Name: 
  m_EditorClassIdentifier: 
  m_ForceModuleActive: 0
--- !u!114 &425280001
MonoBehaviour:
  m_ObjectHideFlags: 0
  m_PrefabParentObject: {fileID: 0}
  m_PrefabInternal: {fileID: 0}
  m_GameObject: {fileID: 425279999}
  m_Enabled: 1
  m_EditorHideFlags: 0
  m_Script: {fileID: 1077351063, guid: f5f67c52d1564df4a8936ccd202a3bd8, type: 3}
  m_Name: 
  m_EditorClassIdentifier: 
  m_HorizontalAxis: Horizontal
  m_VerticalAxis: Vertical
  m_SubmitButton: Submit
  m_CancelButton: Cancel
  m_InputActionsPerSecond: 10
  m_RepeatDelay: .5
  m_ForceModuleActive: 0
--- !u!114 &425280002
MonoBehaviour:
  m_ObjectHideFlags: 0
  m_PrefabParentObject: {fileID: 0}
  m_PrefabInternal: {fileID: 0}
  m_GameObject: {fileID: 425279999}
  m_Enabled: 1
  m_EditorHideFlags: 0
  m_Script: {fileID: -619905303, guid: f5f67c52d1564df4a8936ccd202a3bd8, type: 3}
  m_Name: 
  m_EditorClassIdentifier: 
  m_FirstSelected: {fileID: 0}
  m_sendNavigationEvents: 1
  m_DragThreshold: 5
--- !u!4 &425280003
Transform:
  m_ObjectHideFlags: 0
  m_PrefabParentObject: {fileID: 0}
  m_PrefabInternal: {fileID: 0}
  m_GameObject: {fileID: 425279999}
  m_LocalRotation: {x: 0, y: 0, z: 0, w: 1}
  m_LocalPosition: {x: 0, y: 0, z: 0}
  m_LocalScale: {x: 1, y: 1, z: 1}
  m_Children: []
  m_Father: {fileID: 0}
  m_RootOrder: 0
--- !u!1 &468239801
GameObject:
  m_ObjectHideFlags: 0
  m_PrefabParentObject: {fileID: 0}
  m_PrefabInternal: {fileID: 0}
  serializedVersion: 4
  m_Component:
  - 4: {fileID: 468239802}
  m_Layer: 0
  m_Name: Tiles
  m_TagString: Untagged
  m_Icon: {fileID: 0}
  m_NavMeshLayer: 0
  m_StaticEditorFlags: 4294967295
  m_IsActive: 1
--- !u!4 &468239802
Transform:
  m_ObjectHideFlags: 0
  m_PrefabParentObject: {fileID: 0}
  m_PrefabInternal: {fileID: 0}
  m_GameObject: {fileID: 468239801}
  m_LocalRotation: {x: 0, y: 0, z: 0, w: 1}
  m_LocalPosition: {x: 0, y: 0, z: 0}
  m_LocalScale: {x: .100000001, y: .100000001, z: .100000001}
  m_Children:
  - {fileID: 1735348021}
  - {fileID: 1795918361}
  - {fileID: 1312927825}
  - {fileID: 916421127}
  m_Father: {fileID: 1700551361}
  m_RootOrder: 3
--- !u!1 &876243528
GameObject:
  m_ObjectHideFlags: 0
  m_PrefabParentObject: {fileID: 100002, guid: 6d594cf13c24248169045688348f08a2, type: 2}
  m_PrefabInternal: {fileID: 0}
  serializedVersion: 4
  m_Component:
  - 4: {fileID: 876243529}
  m_Layer: 9
  m_Name: TrailNode
  m_TagString: Untagged
  m_Icon: {fileID: 0}
  m_NavMeshLayer: 0
  m_StaticEditorFlags: 0
  m_IsActive: 1
--- !u!4 &876243529
Transform:
  m_ObjectHideFlags: 0
  m_PrefabParentObject: {fileID: 400002, guid: 6d594cf13c24248169045688348f08a2, type: 2}
  m_PrefabInternal: {fileID: 0}
  m_GameObject: {fileID: 876243528}
  m_LocalRotation: {x: 0, y: 1, z: 0, w: -1.62920685e-07}
  m_LocalPosition: {x: 0, y: 0, z: 0}
  m_LocalScale: {x: 10, y: 10, z: 10}
  m_Children:
  - {fileID: 1065071325}
  m_Father: {fileID: 1822416099}
  m_RootOrder: 0
--- !u!1001 &916421126
Prefab:
  m_ObjectHideFlags: 0
  serializedVersion: 2
  m_Modification:
    m_TransformParent: {fileID: 468239802}
    m_Modifications:
    - target: {fileID: 400004, guid: 8d1fac4a8d98f426a9503d0a8c3a1a34, type: 2}
      propertyPath: m_LocalPosition.x
      value: .200000003
      objectReference: {fileID: 0}
    - target: {fileID: 400004, guid: 8d1fac4a8d98f426a9503d0a8c3a1a34, type: 2}
      propertyPath: m_LocalPosition.y
      value: 1.10000002
      objectReference: {fileID: 0}
    - target: {fileID: 400004, guid: 8d1fac4a8d98f426a9503d0a8c3a1a34, type: 2}
      propertyPath: m_LocalPosition.z
      value: 28.6000004
      objectReference: {fileID: 0}
    - target: {fileID: 400004, guid: 8d1fac4a8d98f426a9503d0a8c3a1a34, type: 2}
      propertyPath: m_LocalRotation.x
      value: 0
      objectReference: {fileID: 0}
    - target: {fileID: 400004, guid: 8d1fac4a8d98f426a9503d0a8c3a1a34, type: 2}
      propertyPath: m_LocalRotation.y
      value: 0
      objectReference: {fileID: 0}
    - target: {fileID: 400004, guid: 8d1fac4a8d98f426a9503d0a8c3a1a34, type: 2}
      propertyPath: m_LocalRotation.z
      value: 0
      objectReference: {fileID: 0}
    - target: {fileID: 400004, guid: 8d1fac4a8d98f426a9503d0a8c3a1a34, type: 2}
      propertyPath: m_LocalRotation.w
      value: 1
      objectReference: {fileID: 0}
    - target: {fileID: 2300000, guid: 8d1fac4a8d98f426a9503d0a8c3a1a34, type: 2}
      propertyPath: m_LightmapIndex
      value: 255
      objectReference: {fileID: 0}
    - target: {fileID: 2300000, guid: 8d1fac4a8d98f426a9503d0a8c3a1a34, type: 2}
      propertyPath: m_LightmapTilingOffset.x
      value: 1
      objectReference: {fileID: 0}
    - target: {fileID: 2300000, guid: 8d1fac4a8d98f426a9503d0a8c3a1a34, type: 2}
      propertyPath: m_LightmapTilingOffset.y
      value: 1
      objectReference: {fileID: 0}
    - target: {fileID: 2300000, guid: 8d1fac4a8d98f426a9503d0a8c3a1a34, type: 2}
      propertyPath: m_LightmapTilingOffset.z
      value: 0
      objectReference: {fileID: 0}
    - target: {fileID: 2300002, guid: 8d1fac4a8d98f426a9503d0a8c3a1a34, type: 2}
      propertyPath: m_LightmapIndex
      value: 255
      objectReference: {fileID: 0}
    - target: {fileID: 2300002, guid: 8d1fac4a8d98f426a9503d0a8c3a1a34, type: 2}
      propertyPath: m_LightmapTilingOffset.x
      value: 1
      objectReference: {fileID: 0}
    - target: {fileID: 2300002, guid: 8d1fac4a8d98f426a9503d0a8c3a1a34, type: 2}
      propertyPath: m_LightmapTilingOffset.y
      value: 1
      objectReference: {fileID: 0}
    - target: {fileID: 2300002, guid: 8d1fac4a8d98f426a9503d0a8c3a1a34, type: 2}
      propertyPath: m_LightmapTilingOffset.w
      value: 0
      objectReference: {fileID: 0}
    - target: {fileID: 400004, guid: 8d1fac4a8d98f426a9503d0a8c3a1a34, type: 2}
      propertyPath: m_RootOrder
      value: 3
      objectReference: {fileID: 0}
    - target: {fileID: 400004, guid: 8d1fac4a8d98f426a9503d0a8c3a1a34, type: 2}
      propertyPath: m_LocalScale.x
      value: 1
      objectReference: {fileID: 0}
    - target: {fileID: 400004, guid: 8d1fac4a8d98f426a9503d0a8c3a1a34, type: 2}
      propertyPath: m_LocalScale.y
      value: 1
      objectReference: {fileID: 0}
    - target: {fileID: 400004, guid: 8d1fac4a8d98f426a9503d0a8c3a1a34, type: 2}
      propertyPath: m_LocalScale.z
      value: 1
      objectReference: {fileID: 0}
    m_RemovedComponents: []
  m_ParentPrefab: {fileID: 100100000, guid: 8d1fac4a8d98f426a9503d0a8c3a1a34, type: 2}
  m_IsPrefabParent: 0
--- !u!4 &916421127 stripped
Transform:
  m_PrefabParentObject: {fileID: 400004, guid: 8d1fac4a8d98f426a9503d0a8c3a1a34, type: 2}
  m_PrefabInternal: {fileID: 916421126}
--- !u!1 &1065071324
GameObject:
  m_ObjectHideFlags: 0
  m_PrefabParentObject: {fileID: 100004, guid: 6d594cf13c24248169045688348f08a2, type: 2}
  m_PrefabInternal: {fileID: 0}
  serializedVersion: 4
  m_Component:
  - 4: {fileID: 1065071325}
  - 33: {fileID: 1065071327}
  - 23: {fileID: 1065071326}
  m_Layer: 9
  m_Name: Trail
  m_TagString: Untagged
  m_Icon: {fileID: 0}
  m_NavMeshLayer: 0
  m_StaticEditorFlags: 0
  m_IsActive: 1
--- !u!4 &1065071325
Transform:
  m_ObjectHideFlags: 0
  m_PrefabParentObject: {fileID: 400000, guid: 6d594cf13c24248169045688348f08a2, type: 2}
  m_PrefabInternal: {fileID: 0}
  m_GameObject: {fileID: 1065071324}
  m_LocalRotation: {x: 0, y: 0, z: 0, w: 1}
  m_LocalPosition: {x: 0, y: 0, z: 0}
  m_LocalScale: {x: 1, y: 1, z: 1}
  m_Children: []
  m_Father: {fileID: 876243529}
  m_RootOrder: 0
--- !u!23 &1065071326
MeshRenderer:
  m_ObjectHideFlags: 0
  m_PrefabParentObject: {fileID: 2300000, guid: 6d594cf13c24248169045688348f08a2,
    type: 2}
  m_PrefabInternal: {fileID: 0}
  m_GameObject: {fileID: 1065071324}
  m_Enabled: 1
  m_CastShadows: 0
  m_ReceiveShadows: 0
  m_Materials:
  - {fileID: 2100000, guid: d42af26cdf5fb824ba87127b4508e285, type: 2}
  m_SubsetIndices: 
  m_StaticBatchRoot: {fileID: 0}
  m_UseLightProbes: 0
  m_ReflectionProbeUsage: 1
  m_ProbeAnchor: {fileID: 0}
  m_ScaleInLightmap: 1
  m_PreserveUVs: 0
  m_ImportantGI: 0
  m_AutoUVMaxDistance: .5
  m_AutoUVMaxAngle: 89
  m_LightmapParameters: {fileID: 0}
  m_SortingLayerID: 0
  m_SortingOrder: 0
--- !u!33 &1065071327
MeshFilter:
  m_ObjectHideFlags: 0
  m_PrefabParentObject: {fileID: 3300000, guid: 6d594cf13c24248169045688348f08a2,
    type: 2}
  m_PrefabInternal: {fileID: 0}
  m_GameObject: {fileID: 1065071324}
  m_Mesh: {fileID: 4300000, guid: 291b818cfd83d41469b45ba189b3bd88, type: 3}
--- !u!1 &1087876526
GameObject:
  m_ObjectHideFlags: 0
  m_PrefabParentObject: {fileID: 100028, guid: f8eb00a394ccb4c6997d3ed3c38c5d44, type: 2}
  m_PrefabInternal: {fileID: 0}
  serializedVersion: 4
  m_Component:
  - 4: {fileID: 1087876527}
  - 20: {fileID: 1087876529}
  - 92: {fileID: 1087876528}
  m_Layer: 0
  m_Name: Camera
  m_TagString: Untagged
  m_Icon: {fileID: 0}
  m_NavMeshLayer: 0
  m_StaticEditorFlags: 0
  m_IsActive: 1
--- !u!4 &1087876527
Transform:
  m_ObjectHideFlags: 0
  m_PrefabParentObject: {fileID: 400028, guid: f8eb00a394ccb4c6997d3ed3c38c5d44, type: 2}
  m_PrefabInternal: {fileID: 0}
  m_GameObject: {fileID: 1087876526}
  m_LocalRotation: {x: 2.38418579e-07, y: 0, z: 0, w: 1}
  m_LocalPosition: {x: 0, y: 0, z: 0}
  m_LocalScale: {x: 1, y: 1, z: 1}
  m_Children: []
  m_Father: {fileID: 299411883}
  m_RootOrder: 0
--- !u!92 &1087876528
Behaviour:
  m_ObjectHideFlags: 0
  m_PrefabParentObject: {fileID: 9200002, guid: f8eb00a394ccb4c6997d3ed3c38c5d44,
    type: 2}
  m_PrefabInternal: {fileID: 0}
  m_GameObject: {fileID: 1087876526}
  m_Enabled: 1
--- !u!20 &1087876529
Camera:
  m_ObjectHideFlags: 0
  m_PrefabParentObject: {fileID: 2000002, guid: f8eb00a394ccb4c6997d3ed3c38c5d44,
    type: 2}
  m_PrefabInternal: {fileID: 0}
  m_GameObject: {fileID: 1087876526}
  m_Enabled: 1
  serializedVersion: 2
  m_ClearFlags: 3
  m_BackGroundColor: {r: 1, g: 1, b: .474509805, a: .0196078438}
  m_NormalizedViewPortRect:
    serializedVersion: 2
    x: 0
    y: 0
    width: 1
    height: 1
  near clip plane: .300000012
  far clip plane: 1000
  field of view: 65
  orthographic: 0
  orthographic size: 100
  m_Depth: 1
  m_CullingMask:
    serializedVersion: 2
    m_Bits: 512
  m_RenderingPath: -1
  m_TargetTexture: {fileID: 0}
  m_TargetDisplay: 0
  m_TargetEye: 3
  m_HDR: 0
  m_OcclusionCulling: 1
  m_StereoConvergence: 10
  m_StereoSeparation: .0219999999
  m_StereoMirrorMode: 0
--- !u!1 &1168523947
GameObject:
  m_ObjectHideFlags: 0
  m_PrefabParentObject: {fileID: 0}
  m_PrefabInternal: {fileID: 0}
  serializedVersion: 4
  m_Component:
  - 4: {fileID: 1168523948}
  - 218: {fileID: 1168523950}
  - 154: {fileID: 1168523949}
  m_Layer: 0
  m_Name: Terrain
  m_TagString: Untagged
  m_Icon: {fileID: 0}
  m_NavMeshLayer: 0
  m_StaticEditorFlags: 4294967295
  m_IsActive: 1
--- !u!4 &1168523948
Transform:
  m_ObjectHideFlags: 0
  m_PrefabParentObject: {fileID: 0}
  m_PrefabInternal: {fileID: 0}
  m_GameObject: {fileID: 1168523947}
  m_LocalRotation: {x: 0, y: 0, z: 0, w: 1}
  m_LocalPosition: {x: -47.7380981, y: 0, z: -31.9393921}
  m_LocalScale: {x: 1, y: 1, z: 1}
  m_Children: []
  m_Father: {fileID: 1700551361}
  m_RootOrder: 8
--- !u!154 &1168523949
TerrainCollider:
  m_ObjectHideFlags: 0
  m_PrefabParentObject: {fileID: 0}
  m_PrefabInternal: {fileID: 0}
  m_GameObject: {fileID: 1168523947}
  m_Material: {fileID: 0}
  m_Enabled: 0
  m_TerrainData: {fileID: 15600000, guid: 375f518622d721d4785ce9780411eb9c, type: 2}
  m_EnableTreeColliders: 1
--- !u!218 &1168523950
Terrain:
  m_ObjectHideFlags: 0
  m_PrefabParentObject: {fileID: 0}
  m_PrefabInternal: {fileID: 0}
  m_GameObject: {fileID: 1168523947}
  m_Enabled: 1
  serializedVersion: 3
  m_TerrainData: {fileID: 15600000, guid: 375f518622d721d4785ce9780411eb9c, type: 2}
  m_TreeDistance: 5000
  m_TreeBillboardDistance: 50
  m_TreeCrossFadeLength: 5
  m_TreeMaximumFullLODCount: 50
  m_DetailObjectDistance: 80
  m_DetailObjectDensity: 1
  m_HeightmapPixelError: 5
  m_SplatMapDistance: 1000
  m_HeightmapMaximumLOD: 0
  m_CastShadows: 1
  m_DrawHeightmap: 1
  m_DrawTreesAndFoliage: 1
  m_ReflectionProbeUsage: 1
  m_MaterialType: 1
  m_LegacySpecular:
    serializedVersion: 2
    rgba: 4286545791
  m_LegacyShininess: .078125
  m_MaterialTemplate: {fileID: 0}
  m_BakeLightProbesForTrees: 1
  m_ScaleInLightmap: 1
  m_LightmapParameters: {fileID: 15203, guid: 0000000000000000f000000000000000, type: 0}
--- !u!1 &1209257509
GameObject:
  m_ObjectHideFlags: 0
  m_PrefabParentObject: {fileID: 100014, guid: 6d594cf13c24248169045688348f08a2, type: 2}
  m_PrefabInternal: {fileID: 0}
  serializedVersion: 4
  m_Component:
  - 4: {fileID: 1209257510}
  - 33: {fileID: 1209257513}
  - 23: {fileID: 1209257512}
  - 64: {fileID: 1209257511}
  m_Layer: 8
  m_Name: tile16_walls (2)
  m_TagString: Untagged
  m_Icon: {fileID: 0}
  m_NavMeshLayer: 0
  m_StaticEditorFlags: 4294967295
  m_IsActive: 1
--- !u!4 &1209257510
Transform:
  m_ObjectHideFlags: 0
  m_PrefabParentObject: {fileID: 400014, guid: 6d594cf13c24248169045688348f08a2, type: 2}
  m_PrefabInternal: {fileID: 0}
  m_GameObject: {fileID: 1209257509}
  m_LocalRotation: {x: -.707106829, y: 0, z: 0, w: .707106829}
  m_LocalPosition: {x: .0242426395, y: .100001998, z: 53.6301422}
  m_LocalScale: {x: .100000001, y: .100000001, z: .100000001}
  m_Children: []
  m_Father: {fileID: 1700551361}
  m_RootOrder: 5
--- !u!64 &1209257511
MeshCollider:
  m_ObjectHideFlags: 0
  m_PrefabParentObject: {fileID: 6400002, guid: 6d594cf13c24248169045688348f08a2,
    type: 2}
  m_PrefabInternal: {fileID: 0}
  m_GameObject: {fileID: 1209257509}
  m_Material: {fileID: 13400000, guid: 99e86ee0ad11f8d6d00011d98d76c639, type: 2}
  m_IsTrigger: 0
  m_Enabled: 1
  serializedVersion: 2
  m_Convex: 0
  m_Mesh: {fileID: 4300000, guid: 1adb387d0fe9b45488efd60a5bb687c0, type: 3}
--- !u!23 &1209257512
MeshRenderer:
  m_ObjectHideFlags: 0
  m_PrefabParentObject: {fileID: 2300006, guid: 6d594cf13c24248169045688348f08a2,
    type: 2}
  m_PrefabInternal: {fileID: 0}
  m_GameObject: {fileID: 1209257509}
  m_Enabled: 1
  m_CastShadows: 1
  m_ReceiveShadows: 1
  m_Materials:
  - {fileID: 2100000, guid: cf02aba9bfd84444d8107e5f91af0621, type: 2}
  - {fileID: 2100000, guid: 64aaaeb38d9a54fcd81e503183cfb074, type: 2}
  m_SubsetIndices: 
  m_StaticBatchRoot: {fileID: 0}
  m_UseLightProbes: 0
  m_ReflectionProbeUsage: 1
  m_ProbeAnchor: {fileID: 0}
  m_ScaleInLightmap: 1
  m_PreserveUVs: 0
  m_ImportantGI: 0
  m_AutoUVMaxDistance: .5
  m_AutoUVMaxAngle: 89
  m_LightmapParameters: {fileID: 0}
  m_SortingLayerID: 0
  m_SortingOrder: 0
--- !u!33 &1209257513
MeshFilter:
  m_ObjectHideFlags: 0
  m_PrefabParentObject: {fileID: 3300006, guid: 6d594cf13c24248169045688348f08a2,
    type: 2}
  m_PrefabInternal: {fileID: 0}
  m_GameObject: {fileID: 1209257509}
  m_Mesh: {fileID: 4300000, guid: 1adb387d0fe9b45488efd60a5bb687c0, type: 3}
--- !u!1 &1305029782
GameObject:
  m_ObjectHideFlags: 0
  m_PrefabParentObject: {fileID: 100014, guid: 6d594cf13c24248169045688348f08a2, type: 2}
  m_PrefabInternal: {fileID: 0}
  serializedVersion: 4
  m_Component:
  - 4: {fileID: 1305029783}
  - 33: {fileID: 1305029786}
  - 23: {fileID: 1305029785}
  - 64: {fileID: 1305029784}
  m_Layer: 8
  m_Name: tile16_walls (1)
  m_TagString: Untagged
  m_Icon: {fileID: 0}
  m_NavMeshLayer: 0
  m_StaticEditorFlags: 4294967295
  m_IsActive: 1
--- !u!4 &1305029783
Transform:
  m_ObjectHideFlags: 0
  m_PrefabParentObject: {fileID: 400014, guid: 6d594cf13c24248169045688348f08a2, type: 2}
  m_PrefabInternal: {fileID: 0}
  m_GameObject: {fileID: 1305029782}
  m_LocalRotation: {x: -.707106829, y: 0, z: 0, w: .707106829}
  m_LocalPosition: {x: .0242426395, y: .100001998, z: 15.6185474}
  m_LocalScale: {x: .100000001, y: .100000001, z: .100000001}
  m_Children: []
  m_Father: {fileID: 1700551361}
  m_RootOrder: 7
--- !u!64 &1305029784
MeshCollider:
  m_ObjectHideFlags: 0
  m_PrefabParentObject: {fileID: 6400002, guid: 6d594cf13c24248169045688348f08a2,
    type: 2}
  m_PrefabInternal: {fileID: 0}
  m_GameObject: {fileID: 1305029782}
  m_Material: {fileID: 13400000, guid: 99e86ee0ad11f8d6d00011d98d76c639, type: 2}
  m_IsTrigger: 0
  m_Enabled: 1
  serializedVersion: 2
  m_Convex: 0
  m_Mesh: {fileID: 4300000, guid: 1adb387d0fe9b45488efd60a5bb687c0, type: 3}
--- !u!23 &1305029785
MeshRenderer:
  m_ObjectHideFlags: 0
  m_PrefabParentObject: {fileID: 2300006, guid: 6d594cf13c24248169045688348f08a2,
    type: 2}
  m_PrefabInternal: {fileID: 0}
  m_GameObject: {fileID: 1305029782}
  m_Enabled: 1
  m_CastShadows: 1
  m_ReceiveShadows: 1
  m_Materials:
  - {fileID: 2100000, guid: cf02aba9bfd84444d8107e5f91af0621, type: 2}
  - {fileID: 2100000, guid: 64aaaeb38d9a54fcd81e503183cfb074, type: 2}
  m_SubsetIndices: 
  m_StaticBatchRoot: {fileID: 0}
  m_UseLightProbes: 0
  m_ReflectionProbeUsage: 1
  m_ProbeAnchor: {fileID: 0}
  m_ScaleInLightmap: 1
  m_PreserveUVs: 0
  m_ImportantGI: 0
  m_AutoUVMaxDistance: .5
  m_AutoUVMaxAngle: 89
  m_LightmapParameters: {fileID: 0}
  m_SortingLayerID: 0
  m_SortingOrder: 0
--- !u!33 &1305029786
MeshFilter:
  m_ObjectHideFlags: 0
  m_PrefabParentObject: {fileID: 3300006, guid: 6d594cf13c24248169045688348f08a2,
    type: 2}
  m_PrefabInternal: {fileID: 0}
  m_GameObject: {fileID: 1305029782}
  m_Mesh: {fileID: 4300000, guid: 1adb387d0fe9b45488efd60a5bb687c0, type: 3}
--- !u!1001 &1312927824
Prefab:
  m_ObjectHideFlags: 0
  serializedVersion: 2
  m_Modification:
    m_TransformParent: {fileID: 468239802}
    m_Modifications:
    - target: {fileID: 400006, guid: e3f9169ad875c400aaa286dd9ceb48d4, type: 2}
      propertyPath: m_LocalPosition.x
      value: .200000003
      objectReference: {fileID: 0}
    - target: {fileID: 400006, guid: e3f9169ad875c400aaa286dd9ceb48d4, type: 2}
      propertyPath: m_LocalPosition.y
      value: 1.10000002
      objectReference: {fileID: 0}
    - target: {fileID: 400006, guid: e3f9169ad875c400aaa286dd9ceb48d4, type: 2}
      propertyPath: m_LocalPosition.z
      value: -99.4000015
      objectReference: {fileID: 0}
    - target: {fileID: 400006, guid: e3f9169ad875c400aaa286dd9ceb48d4, type: 2}
      propertyPath: m_LocalRotation.x
      value: 0
      objectReference: {fileID: 0}
    - target: {fileID: 400006, guid: e3f9169ad875c400aaa286dd9ceb48d4, type: 2}
      propertyPath: m_LocalRotation.y
      value: 0
      objectReference: {fileID: 0}
    - target: {fileID: 400006, guid: e3f9169ad875c400aaa286dd9ceb48d4, type: 2}
      propertyPath: m_LocalRotation.z
      value: 0
      objectReference: {fileID: 0}
    - target: {fileID: 400006, guid: e3f9169ad875c400aaa286dd9ceb48d4, type: 2}
      propertyPath: m_LocalRotation.w
      value: 1
      objectReference: {fileID: 0}
    - target: {fileID: 100008, guid: e3f9169ad875c400aaa286dd9ceb48d4, type: 2}
      propertyPath: m_StaticEditorFlags
      value: 4294967295
      objectReference: {fileID: 0}
    - target: {fileID: 100000, guid: e3f9169ad875c400aaa286dd9ceb48d4, type: 2}
      propertyPath: m_StaticEditorFlags
      value: 4294967295
      objectReference: {fileID: 0}
    - target: {fileID: 100002, guid: e3f9169ad875c400aaa286dd9ceb48d4, type: 2}
      propertyPath: m_StaticEditorFlags
      value: 4294967295
      objectReference: {fileID: 0}
    - target: {fileID: 100004, guid: e3f9169ad875c400aaa286dd9ceb48d4, type: 2}
      propertyPath: m_StaticEditorFlags
      value: 4294967295
      objectReference: {fileID: 0}
    - target: {fileID: 100006, guid: e3f9169ad875c400aaa286dd9ceb48d4, type: 2}
      propertyPath: m_StaticEditorFlags
      value: 4294967295
      objectReference: {fileID: 0}
    - target: {fileID: 2300000, guid: e3f9169ad875c400aaa286dd9ceb48d4, type: 2}
      propertyPath: m_LightmapIndex
      value: 255
      objectReference: {fileID: 0}
    - target: {fileID: 2300000, guid: e3f9169ad875c400aaa286dd9ceb48d4, type: 2}
      propertyPath: m_LightmapTilingOffset.x
      value: 1
      objectReference: {fileID: 0}
    - target: {fileID: 2300000, guid: e3f9169ad875c400aaa286dd9ceb48d4, type: 2}
      propertyPath: m_LightmapTilingOffset.y
      value: 1
      objectReference: {fileID: 0}
    - target: {fileID: 2300002, guid: e3f9169ad875c400aaa286dd9ceb48d4, type: 2}
      propertyPath: m_LightmapIndex
      value: 255
      objectReference: {fileID: 0}
    - target: {fileID: 2300002, guid: e3f9169ad875c400aaa286dd9ceb48d4, type: 2}
      propertyPath: m_LightmapTilingOffset.x
      value: 1
      objectReference: {fileID: 0}
    - target: {fileID: 2300002, guid: e3f9169ad875c400aaa286dd9ceb48d4, type: 2}
      propertyPath: m_LightmapTilingOffset.y
      value: 1
      objectReference: {fileID: 0}
    - target: {fileID: 2300002, guid: e3f9169ad875c400aaa286dd9ceb48d4, type: 2}
      propertyPath: m_LightmapTilingOffset.z
      value: 0
      objectReference: {fileID: 0}
    - target: {fileID: 2300002, guid: e3f9169ad875c400aaa286dd9ceb48d4, type: 2}
      propertyPath: m_LightmapTilingOffset.w
      value: 0
      objectReference: {fileID: 0}
    - target: {fileID: 2300004, guid: e3f9169ad875c400aaa286dd9ceb48d4, type: 2}
      propertyPath: m_LightmapIndex
      value: 255
      objectReference: {fileID: 0}
    - target: {fileID: 2300004, guid: e3f9169ad875c400aaa286dd9ceb48d4, type: 2}
      propertyPath: m_LightmapTilingOffset.x
      value: 1
      objectReference: {fileID: 0}
    - target: {fileID: 2300004, guid: e3f9169ad875c400aaa286dd9ceb48d4, type: 2}
      propertyPath: m_LightmapTilingOffset.y
      value: 1
      objectReference: {fileID: 0}
    - target: {fileID: 2300004, guid: e3f9169ad875c400aaa286dd9ceb48d4, type: 2}
      propertyPath: m_LightmapTilingOffset.z
      value: 0
      objectReference: {fileID: 0}
    - target: {fileID: 2300004, guid: e3f9169ad875c400aaa286dd9ceb48d4, type: 2}
      propertyPath: m_LightmapTilingOffset.w
      value: 0
      objectReference: {fileID: 0}
    - target: {fileID: 6500000, guid: e3f9169ad875c400aaa286dd9ceb48d4, type: 2}
      propertyPath: m_IsTrigger
      value: 1
      objectReference: {fileID: 0}
    - target: {fileID: 400006, guid: e3f9169ad875c400aaa286dd9ceb48d4, type: 2}
      propertyPath: m_RootOrder
      value: 2
      objectReference: {fileID: 0}
    - target: {fileID: 400006, guid: e3f9169ad875c400aaa286dd9ceb48d4, type: 2}
      propertyPath: m_LocalScale.x
      value: 1
      objectReference: {fileID: 0}
    - target: {fileID: 400006, guid: e3f9169ad875c400aaa286dd9ceb48d4, type: 2}
      propertyPath: m_LocalScale.y
      value: 1
      objectReference: {fileID: 0}
    - target: {fileID: 400006, guid: e3f9169ad875c400aaa286dd9ceb48d4, type: 2}
      propertyPath: m_LocalScale.z
      value: 1
      objectReference: {fileID: 0}
    m_RemovedComponents: []
  m_ParentPrefab: {fileID: 100100000, guid: e3f9169ad875c400aaa286dd9ceb48d4, type: 2}
  m_IsPrefabParent: 0
--- !u!4 &1312927825 stripped
Transform:
  m_PrefabParentObject: {fileID: 400006, guid: e3f9169ad875c400aaa286dd9ceb48d4, type: 2}
  m_PrefabInternal: {fileID: 1312927824}
--- !u!1 &1514053424
GameObject:
  m_ObjectHideFlags: 0
  m_PrefabParentObject: {fileID: 0}
  m_PrefabInternal: {fileID: 0}
  serializedVersion: 4
  m_Component:
  - 4: {fileID: 1514053425}
  - 108: {fileID: 1514053426}
  m_Layer: 0
  m_Name: Directional light
  m_TagString: Untagged
  m_Icon: {fileID: 0}
  m_NavMeshLayer: 0
  m_StaticEditorFlags: 0
  m_IsActive: 1
--- !u!4 &1514053425
Transform:
  m_ObjectHideFlags: 0
  m_PrefabParentObject: {fileID: 0}
  m_PrefabInternal: {fileID: 0}
  m_GameObject: {fileID: 1514053424}
  m_LocalRotation: {x: .408217967, y: -.234569743, z: .109381683, w: .875426114}
  m_LocalPosition: {x: 3.36170197e-05, y: 4.65834236, z: 5.6045351}
  m_LocalScale: {x: 1, y: 1, z: 1}
  m_Children: []
  m_Father: {fileID: 1700551361}
  m_RootOrder: 4
--- !u!108 &1514053426
Light:
  m_ObjectHideFlags: 0
  m_PrefabParentObject: {fileID: 0}
  m_PrefabInternal: {fileID: 0}
  m_GameObject: {fileID: 1514053424}
  m_Enabled: 1
  serializedVersion: 6
  m_Type: 1
  m_Color: {r: 1, g: 1, b: 1, a: 1}
  m_Intensity: 1
  m_Range: 10
  m_SpotAngle: 30
  m_CookieSize: 10
  m_Shadows:
    m_Type: 1
    m_Resolution: -1
    m_Strength: 1
    m_Bias: .0500000007
    m_NormalBias: .400000006
  m_Cookie: {fileID: 0}
  m_DrawHalo: 0
  m_Flare: {fileID: 0}
  m_RenderMode: 0
  m_CullingMask:
    serializedVersion: 2
    m_Bits: 4294967295
  m_Lightmapping: 1
  m_BounceIntensity: 1
  m_ShadowRadius: 0
  m_ShadowAngle: 0
  m_AreaSize: {x: 1, y: 1}
--- !u!1 &1616726589
GameObject:
  m_ObjectHideFlags: 0
  m_PrefabParentObject: {fileID: 100004, guid: 6b3e710695454413ba6129d2d826a43f, type: 2}
  m_PrefabInternal: {fileID: 0}
  serializedVersion: 4
  m_Component:
  - 4: {fileID: 1616726590}
  - 95: {fileID: 1616726591}
  m_Layer: 0
  m_Name: tile02
  m_TagString: Untagged
  m_Icon: {fileID: 0}
  m_NavMeshLayer: 0
  m_StaticEditorFlags: 4294967295
  m_IsActive: 1
--- !u!4 &1616726590
Transform:
  m_ObjectHideFlags: 0
  m_PrefabParentObject: {fileID: 400004, guid: 6b3e710695454413ba6129d2d826a43f, type: 2}
  m_PrefabInternal: {fileID: 0}
  m_GameObject: {fileID: 1616726589}
  m_LocalRotation: {x: 0, y: 1, z: 0, w: -1.62920685e-07}
  m_LocalPosition: {x: -12.8000011, y: -2.20000267, z: -9.92360687}
  m_LocalScale: {x: .100000001, y: .100000001, z: .100000001}
  m_Children: []
  m_Father: {fileID: 3054348}
  m_RootOrder: 0
--- !u!95 &1616726591
Animator:
  serializedVersion: 3
  m_ObjectHideFlags: 0
  m_PrefabParentObject: {fileID: 9500000, guid: 6b3e710695454413ba6129d2d826a43f,
    type: 2}
  m_PrefabInternal: {fileID: 0}
  m_GameObject: {fileID: 1616726589}
  m_Enabled: 1
  m_Avatar: {fileID: 9000000, guid: cbd693a551cbf494c8caa866ed54f483, type: 3}
  m_Controller: {fileID: 0}
  m_CullingMode: 1
  m_UpdateMode: 0
  m_ApplyRootMotion: 1
  m_LinearVelocityBlending: 0
  m_WarningMessage: 
  m_HasTransformHierarchy: 1
  m_AllowConstantClipSamplingOptimization: 1
--- !u!1 &1700551360
GameObject:
  m_ObjectHideFlags: 0
  m_PrefabParentObject: {fileID: 0}
  m_PrefabInternal: {fileID: 0}
  serializedVersion: 4
  m_Component:
  - 4: {fileID: 1700551361}
  m_Layer: 0
  m_Name: World
  m_TagString: Untagged
  m_Icon: {fileID: 0}
  m_NavMeshLayer: 0
  m_StaticEditorFlags: 0
  m_IsActive: 1
--- !u!4 &1700551361
Transform:
  m_ObjectHideFlags: 0
  m_PrefabParentObject: {fileID: 0}
  m_PrefabInternal: {fileID: 0}
  m_GameObject: {fileID: 1700551360}
  m_LocalRotation: {x: 0, y: 0, z: 0, w: 1}
  m_LocalPosition: {x: 0, y: 0, z: 0}
  m_LocalScale: {x: 1, y: 1, z: 1}
  m_Children:
  - {fileID: 3054348}
  - {fileID: 51605959}
  - {fileID: 134183405}
  - {fileID: 468239802}
  - {fileID: 1514053425}
  - {fileID: 1209257510}
  - {fileID: 361432097}
  - {fileID: 1305029783}
  - {fileID: 1168523948}
  - {fileID: 1934892154}
  - {fileID: 1777180841}
  m_Father: {fileID: 0}
  m_RootOrder: 1
--- !u!1 &1719314756
GameObject:
  m_ObjectHideFlags: 0
  m_PrefabParentObject: {fileID: 100036, guid: f8eb00a394ccb4c6997d3ed3c38c5d44, type: 2}
  m_PrefabInternal: {fileID: 0}
  serializedVersion: 4
  m_Component:
  - 4: {fileID: 1719314757}
  - 114: {fileID: 1719314758}
  m_Layer: 0
  m_Name: Startup
  m_TagString: Untagged
  m_Icon: {fileID: 0}
  m_NavMeshLayer: 0
  m_StaticEditorFlags: 0
  m_IsActive: 1
--- !u!4 &1719314757
Transform:
  m_ObjectHideFlags: 0
  m_PrefabParentObject: {fileID: 400036, guid: f8eb00a394ccb4c6997d3ed3c38c5d44, type: 2}
  m_PrefabInternal: {fileID: 0}
  m_GameObject: {fileID: 1719314756}
  m_LocalRotation: {x: 0, y: 0, z: 0, w: 1}
  m_LocalPosition: {x: 0, y: 0, z: 0}
  m_LocalScale: {x: 1, y: 1, z: 1}
  m_Children:
  - {fileID: 299411883}
  - {fileID: 2100237614}
  m_Father: {fileID: 1934892154}
  m_RootOrder: 1
--- !u!114 &1719314758
MonoBehaviour:
  m_ObjectHideFlags: 0
  m_PrefabParentObject: {fileID: 11400010, guid: f8eb00a394ccb4c6997d3ed3c38c5d44,
    type: 2}
  m_PrefabInternal: {fileID: 0}
  m_GameObject: {fileID: 1719314756}
  m_Enabled: 1
  m_EditorHideFlags: 0
  m_Script: {fileID: 11500000, guid: 7931b9b253e434a9ca9552ce86d14215, type: 3}
  m_Name: 
  m_EditorClassIdentifier: 
  prefabDroid: {fileID: 100024, guid: 814b7bb61c62f4c46b0a1be359b5341e, type: 2}
  prefabIOS: {fileID: 100024, guid: fbf16c344d741495c9afdc3fb4ea9fb4, type: 2}
  prefab: {fileID: 100024, guid: 814b7bb61c62f4c46b0a1be359b5341e, type: 2}
--- !u!1001 &1735348020
Prefab:
  m_ObjectHideFlags: 0
  serializedVersion: 2
  m_Modification:
    m_TransformParent: {fileID: 468239802}
    m_Modifications:
    - target: {fileID: 400004, guid: 8d1fac4a8d98f426a9503d0a8c3a1a34, type: 2}
      propertyPath: m_LocalPosition.x
      value: .200000003
      objectReference: {fileID: 0}
    - target: {fileID: 400004, guid: 8d1fac4a8d98f426a9503d0a8c3a1a34, type: 2}
      propertyPath: m_LocalPosition.y
      value: 1.10000002
      objectReference: {fileID: 0}
    - target: {fileID: 400004, guid: 8d1fac4a8d98f426a9503d0a8c3a1a34, type: 2}
      propertyPath: m_LocalPosition.z
      value: 282.700012
      objectReference: {fileID: 0}
    - target: {fileID: 400004, guid: 8d1fac4a8d98f426a9503d0a8c3a1a34, type: 2}
      propertyPath: m_LocalRotation.x
      value: 0
      objectReference: {fileID: 0}
    - target: {fileID: 400004, guid: 8d1fac4a8d98f426a9503d0a8c3a1a34, type: 2}
      propertyPath: m_LocalRotation.y
      value: 0
      objectReference: {fileID: 0}
    - target: {fileID: 400004, guid: 8d1fac4a8d98f426a9503d0a8c3a1a34, type: 2}
      propertyPath: m_LocalRotation.z
      value: 0
      objectReference: {fileID: 0}
    - target: {fileID: 400004, guid: 8d1fac4a8d98f426a9503d0a8c3a1a34, type: 2}
      propertyPath: m_LocalRotation.w
      value: 1
      objectReference: {fileID: 0}
    - target: {fileID: 2300000, guid: 8d1fac4a8d98f426a9503d0a8c3a1a34, type: 2}
      propertyPath: m_LightmapIndex
      value: 255
      objectReference: {fileID: 0}
    - target: {fileID: 2300000, guid: 8d1fac4a8d98f426a9503d0a8c3a1a34, type: 2}
      propertyPath: m_LightmapTilingOffset.x
      value: 1
      objectReference: {fileID: 0}
    - target: {fileID: 2300000, guid: 8d1fac4a8d98f426a9503d0a8c3a1a34, type: 2}
      propertyPath: m_LightmapTilingOffset.y
      value: 1
      objectReference: {fileID: 0}
    - target: {fileID: 2300000, guid: 8d1fac4a8d98f426a9503d0a8c3a1a34, type: 2}
      propertyPath: m_LightmapTilingOffset.z
      value: 0
      objectReference: {fileID: 0}
    - target: {fileID: 2300002, guid: 8d1fac4a8d98f426a9503d0a8c3a1a34, type: 2}
      propertyPath: m_LightmapIndex
      value: 255
      objectReference: {fileID: 0}
    - target: {fileID: 2300002, guid: 8d1fac4a8d98f426a9503d0a8c3a1a34, type: 2}
      propertyPath: m_LightmapTilingOffset.x
      value: 1
      objectReference: {fileID: 0}
    - target: {fileID: 2300002, guid: 8d1fac4a8d98f426a9503d0a8c3a1a34, type: 2}
      propertyPath: m_LightmapTilingOffset.y
      value: 1
      objectReference: {fileID: 0}
    - target: {fileID: 2300002, guid: 8d1fac4a8d98f426a9503d0a8c3a1a34, type: 2}
      propertyPath: m_LightmapTilingOffset.w
      value: 0
      objectReference: {fileID: 0}
    - target: {fileID: 400004, guid: 8d1fac4a8d98f426a9503d0a8c3a1a34, type: 2}
      propertyPath: m_LocalScale.x
      value: 1
      objectReference: {fileID: 0}
    - target: {fileID: 400004, guid: 8d1fac4a8d98f426a9503d0a8c3a1a34, type: 2}
      propertyPath: m_LocalScale.y
      value: 1
      objectReference: {fileID: 0}
    - target: {fileID: 400004, guid: 8d1fac4a8d98f426a9503d0a8c3a1a34, type: 2}
      propertyPath: m_LocalScale.z
      value: 1
      objectReference: {fileID: 0}
    m_RemovedComponents: []
  m_ParentPrefab: {fileID: 100100000, guid: 8d1fac4a8d98f426a9503d0a8c3a1a34, type: 2}
  m_IsPrefabParent: 0
--- !u!4 &1735348021 stripped
Transform:
  m_PrefabParentObject: {fileID: 400004, guid: 8d1fac4a8d98f426a9503d0a8c3a1a34, type: 2}
  m_PrefabInternal: {fileID: 1735348020}
--- !u!1 &1777180840
GameObject:
  m_ObjectHideFlags: 0
  m_PrefabParentObject: {fileID: 100014, guid: 6d594cf13c24248169045688348f08a2, type: 2}
  m_PrefabInternal: {fileID: 0}
  serializedVersion: 4
  m_Component:
  - 4: {fileID: 1777180841}
  - 33: {fileID: 1777180844}
  - 23: {fileID: 1777180843}
  - 64: {fileID: 1777180842}
  m_Layer: 8
  m_Name: tile16_walls
  m_TagString: Untagged
  m_Icon: {fileID: 0}
  m_NavMeshLayer: 0
  m_StaticEditorFlags: 4294967295
  m_IsActive: 1
--- !u!4 &1777180841
Transform:
  m_ObjectHideFlags: 0
  m_PrefabParentObject: {fileID: 400014, guid: 6d594cf13c24248169045688348f08a2, type: 2}
  m_PrefabInternal: {fileID: 0}
  m_GameObject: {fileID: 1777180840}
  m_LocalRotation: {x: -.707106829, y: 0, z: 0, w: .707106829}
  m_LocalPosition: {x: .0242426395, y: .100001998, z: 41.060215}
  m_LocalScale: {x: .100000001, y: .100000001, z: .100000001}
  m_Children: []
  m_Father: {fileID: 1700551361}
  m_RootOrder: 10
--- !u!64 &1777180842
MeshCollider:
  m_ObjectHideFlags: 0
  m_PrefabParentObject: {fileID: 6400002, guid: 6d594cf13c24248169045688348f08a2,
    type: 2}
  m_PrefabInternal: {fileID: 0}
  m_GameObject: {fileID: 1777180840}
  m_Material: {fileID: 13400000, guid: 99e86ee0ad11f8d6d00011d98d76c639, type: 2}
  m_IsTrigger: 0
  m_Enabled: 1
  serializedVersion: 2
  m_Convex: 0
  m_Mesh: {fileID: 4300000, guid: 1adb387d0fe9b45488efd60a5bb687c0, type: 3}
--- !u!23 &1777180843
MeshRenderer:
  m_ObjectHideFlags: 0
  m_PrefabParentObject: {fileID: 2300006, guid: 6d594cf13c24248169045688348f08a2,
    type: 2}
  m_PrefabInternal: {fileID: 0}
  m_GameObject: {fileID: 1777180840}
  m_Enabled: 1
  m_CastShadows: 1
  m_ReceiveShadows: 1
  m_Materials:
  - {fileID: 2100000, guid: cf02aba9bfd84444d8107e5f91af0621, type: 2}
  - {fileID: 2100000, guid: 64aaaeb38d9a54fcd81e503183cfb074, type: 2}
  m_SubsetIndices: 
  m_StaticBatchRoot: {fileID: 0}
  m_UseLightProbes: 0
  m_ReflectionProbeUsage: 1
  m_ProbeAnchor: {fileID: 0}
  m_ScaleInLightmap: 1
  m_PreserveUVs: 0
  m_ImportantGI: 0
  m_AutoUVMaxDistance: .5
  m_AutoUVMaxAngle: 89
  m_LightmapParameters: {fileID: 0}
  m_SortingLayerID: 0
  m_SortingOrder: 0
--- !u!33 &1777180844
MeshFilter:
  m_ObjectHideFlags: 0
  m_PrefabParentObject: {fileID: 3300006, guid: 6d594cf13c24248169045688348f08a2,
    type: 2}
  m_PrefabInternal: {fileID: 0}
  m_GameObject: {fileID: 1777180840}
  m_Mesh: {fileID: 4300000, guid: 1adb387d0fe9b45488efd60a5bb687c0, type: 3}
--- !u!1001 &1795918360
Prefab:
  m_ObjectHideFlags: 0
  serializedVersion: 2
  m_Modification:
    m_TransformParent: {fileID: 468239802}
    m_Modifications:
    - target: {fileID: 400004, guid: 8d1fac4a8d98f426a9503d0a8c3a1a34, type: 2}
      propertyPath: m_LocalPosition.x
      value: .200000003
      objectReference: {fileID: 0}
    - target: {fileID: 400004, guid: 8d1fac4a8d98f426a9503d0a8c3a1a34, type: 2}
      propertyPath: m_LocalPosition.y
      value: 1.10000002
      objectReference: {fileID: 0}
    - target: {fileID: 400004, guid: 8d1fac4a8d98f426a9503d0a8c3a1a34, type: 2}
      propertyPath: m_LocalPosition.z
      value: 28.6000004
      objectReference: {fileID: 0}
    - target: {fileID: 400004, guid: 8d1fac4a8d98f426a9503d0a8c3a1a34, type: 2}
      propertyPath: m_LocalRotation.x
      value: 0
      objectReference: {fileID: 0}
    - target: {fileID: 400004, guid: 8d1fac4a8d98f426a9503d0a8c3a1a34, type: 2}
      propertyPath: m_LocalRotation.y
      value: 0
      objectReference: {fileID: 0}
    - target: {fileID: 400004, guid: 8d1fac4a8d98f426a9503d0a8c3a1a34, type: 2}
      propertyPath: m_LocalRotation.z
      value: 0
      objectReference: {fileID: 0}
    - target: {fileID: 400004, guid: 8d1fac4a8d98f426a9503d0a8c3a1a34, type: 2}
      propertyPath: m_LocalRotation.w
      value: 1
      objectReference: {fileID: 0}
    - target: {fileID: 2300000, guid: 8d1fac4a8d98f426a9503d0a8c3a1a34, type: 2}
      propertyPath: m_LightmapIndex
      value: 255
      objectReference: {fileID: 0}
    - target: {fileID: 2300000, guid: 8d1fac4a8d98f426a9503d0a8c3a1a34, type: 2}
      propertyPath: m_LightmapTilingOffset.x
      value: 1
      objectReference: {fileID: 0}
    - target: {fileID: 2300000, guid: 8d1fac4a8d98f426a9503d0a8c3a1a34, type: 2}
      propertyPath: m_LightmapTilingOffset.y
      value: 1
      objectReference: {fileID: 0}
    - target: {fileID: 2300000, guid: 8d1fac4a8d98f426a9503d0a8c3a1a34, type: 2}
      propertyPath: m_LightmapTilingOffset.z
      value: 0
      objectReference: {fileID: 0}
    - target: {fileID: 2300002, guid: 8d1fac4a8d98f426a9503d0a8c3a1a34, type: 2}
      propertyPath: m_LightmapIndex
      value: 255
      objectReference: {fileID: 0}
    - target: {fileID: 2300002, guid: 8d1fac4a8d98f426a9503d0a8c3a1a34, type: 2}
      propertyPath: m_LightmapTilingOffset.x
      value: 1
      objectReference: {fileID: 0}
    - target: {fileID: 2300002, guid: 8d1fac4a8d98f426a9503d0a8c3a1a34, type: 2}
      propertyPath: m_LightmapTilingOffset.y
      value: 1
      objectReference: {fileID: 0}
    - target: {fileID: 2300002, guid: 8d1fac4a8d98f426a9503d0a8c3a1a34, type: 2}
      propertyPath: m_LightmapTilingOffset.w
      value: 0
      objectReference: {fileID: 0}
    - target: {fileID: 400004, guid: 8d1fac4a8d98f426a9503d0a8c3a1a34, type: 2}
      propertyPath: m_RootOrder
      value: 1
      objectReference: {fileID: 0}
    - target: {fileID: 400004, guid: 8d1fac4a8d98f426a9503d0a8c3a1a34, type: 2}
      propertyPath: m_LocalScale.x
      value: 1
      objectReference: {fileID: 0}
    - target: {fileID: 400004, guid: 8d1fac4a8d98f426a9503d0a8c3a1a34, type: 2}
      propertyPath: m_LocalScale.y
      value: 1
      objectReference: {fileID: 0}
    - target: {fileID: 400004, guid: 8d1fac4a8d98f426a9503d0a8c3a1a34, type: 2}
      propertyPath: m_LocalScale.z
      value: 1
      objectReference: {fileID: 0}
    m_RemovedComponents: []
  m_ParentPrefab: {fileID: 100100000, guid: 8d1fac4a8d98f426a9503d0a8c3a1a34, type: 2}
  m_IsPrefabParent: 0
--- !u!4 &1795918361 stripped
Transform:
  m_PrefabParentObject: {fileID: 400004, guid: 8d1fac4a8d98f426a9503d0a8c3a1a34, type: 2}
  m_PrefabInternal: {fileID: 1795918360}
--- !u!1 &1822416098
GameObject:
  m_ObjectHideFlags: 0
  m_PrefabParentObject: {fileID: 100000, guid: 6d594cf13c24248169045688348f08a2, type: 2}
  m_PrefabInternal: {fileID: 0}
  serializedVersion: 4
  m_Component:
  - 4: {fileID: 1822416099}
  - 33: {fileID: 1822416106}
  - 23: {fileID: 1822416105}
  - 114: {fileID: 1822416104}
  - 54: {fileID: 1822416103}
  - 82: {fileID: 1822416102}
  - 135: {fileID: 1822416101}
  - 114: {fileID: 1822416100}
  m_Layer: 12
  m_Name: Ball
  m_TagString: Player
  m_Icon: {fileID: 0}
  m_NavMeshLayer: 0
  m_StaticEditorFlags: 0
  m_IsActive: 1
--- !u!4 &1822416099
Transform:
  m_ObjectHideFlags: 0
  m_PrefabParentObject: {fileID: 400004, guid: 6d594cf13c24248169045688348f08a2, type: 2}
  m_PrefabInternal: {fileID: 0}
  m_GameObject: {fileID: 1822416098}
  m_LocalRotation: {x: 0, y: 1, z: 0, w: -1.62920685e-07}
  m_LocalPosition: {x: -12.5382814, y: 1.21935844, z: -12.9162445}
  m_LocalScale: {x: 1, y: 1, z: 1}
  m_Children:
  - {fileID: 876243529}
  m_Father: {fileID: 3054348}
  m_RootOrder: 1
--- !u!114 &1822416100
MonoBehaviour:
  m_ObjectHideFlags: 0
  m_PrefabParentObject: {fileID: 11400000, guid: 6d594cf13c24248169045688348f08a2,
    type: 2}
  m_PrefabInternal: {fileID: 0}
  m_GameObject: {fileID: 1822416098}
  m_Enabled: 1
  m_EditorHideFlags: 0
  m_Script: {fileID: 11500000, guid: a2816d47e7d2d493dab89bbbc033df60, type: 3}
  m_Name: 
  m_EditorClassIdentifier: 
  volScalar: 1
  useUpdate: 1
--- !u!135 &1822416101
SphereCollider:
  m_ObjectHideFlags: 0
  m_PrefabParentObject: {fileID: 13500000, guid: 6d594cf13c24248169045688348f08a2,
    type: 2}
  m_PrefabInternal: {fileID: 0}
  m_GameObject: {fileID: 1822416098}
  m_Material: {fileID: 13400000, guid: cbc45ef4418608e43a58b4b4d3afff3e, type: 2}
  m_IsTrigger: 0
  m_Enabled: 1
  serializedVersion: 2
  m_Radius: .213
  m_Center: {x: 0, y: 0, z: 0}
--- !u!82 &1822416102
AudioSource:
  m_ObjectHideFlags: 0
  m_PrefabParentObject: {fileID: 8200000, guid: 6d594cf13c24248169045688348f08a2,
    type: 2}
  m_PrefabInternal: {fileID: 0}
  m_GameObject: {fileID: 1822416098}
  m_Enabled: 1
  serializedVersion: 4
  OutputAudioMixerGroup: {fileID: 0}
  m_audioClip: {fileID: 0}
  m_PlayOnAwake: 0
  m_Volume: 1
  m_Pitch: 1
  Loop: 0
  Mute: 0
  Spatialize: 0
  Priority: 128
  DopplerLevel: 1
  MinDistance: 1
  MaxDistance: 500
  Pan2D: 0
  rolloffMode: 2
  BypassEffects: 0
  BypassListenerEffects: 0
  BypassReverbZones: 0
  rolloffCustomCurve:
    serializedVersion: 2
    m_Curve:
    - time: 0
      value: 1
      inSlope: 7.00649232e-43
      outSlope: 4.62427991e-36
      tangentMode: 0
    - time: .000200000009
      value: 1
      inSlope: 0
      outSlope: 0
      tangentMode: 0
    - time: .000400000019
      value: 1
      inSlope: 0
      outSlope: 0
      tangentMode: 0
    - time: .000800000038
      value: 1
      inSlope: 0
      outSlope: 0
      tangentMode: 0
    - time: .00160000008
      value: 1
      inSlope: 0
      outSlope: 0
      tangentMode: 0
    - time: .00320000015
      value: .943396211
      inSlope: -45.1818085
      outSlope: -43.8380966
      tangentMode: 0
    - time: .0064000003
      value: .819672108
      inSlope: -34.4980507
      outSlope: -32.7344971
      tangentMode: 0
    - time: .0128000006
      value: .649350643
      inSlope: -21.996954
      outSlope: -20.2415962
      tangentMode: 0
    - time: .0256000012
      value: .458715588
      inSlope: -11.1772795
      outSlope: -9.93751431
      tangentMode: 0
    - time: .0512000024
      value: .289017349
      inSlope: -4.51025534
      outSlope: -3.88882446
      tangentMode: 0
    - time: .102400005
      value: .166112959
      inSlope: -1.50792325
      outSlope: -1.2715317
      tangentMode: 0
    - time: .20480001
      value: .0897666067
      inSlope: -.443686068
      outSlope: -.368984908
      tangentMode: 0
    - time: .409600019
      value: .0467726849
      inSlope: -.120972067
      outSlope: -.0998222232
      tangentMode: 0
    - time: .819200039
      value: .0238891542
      inSlope: -.0316295177
      outSlope: -.0259913355
      tangentMode: 0
    - time: 1
      value: .0196463652
      inSlope: 7.00649232e-43
      outSlope: 4.62427991e-36
      tangentMode: 0
    m_PreInfinity: 2
    m_PostInfinity: 2
  panLevelCustomCurve:
    serializedVersion: 2
    m_Curve:
    - time: 0
      value: 1
      inSlope: 0
      outSlope: 0
      tangentMode: 0
    m_PreInfinity: 2
    m_PostInfinity: 2
  spreadCustomCurve:
    serializedVersion: 2
    m_Curve:
    - time: 0
      value: 0
      inSlope: 0
      outSlope: 0
      tangentMode: 0
    m_PreInfinity: 2
    m_PostInfinity: 2
  reverbZoneMixCustomCurve:
    serializedVersion: 2
    m_Curve:
    - time: 0
      value: 1
      inSlope: 0
      outSlope: 0
      tangentMode: 0
    m_PreInfinity: 2
    m_PostInfinity: 2
--- !u!54 &1822416103
Rigidbody:
  m_ObjectHideFlags: 0
  m_PrefabParentObject: {fileID: 5400000, guid: 6d594cf13c24248169045688348f08a2,
    type: 2}
  m_PrefabInternal: {fileID: 0}
  m_GameObject: {fileID: 1822416098}
  serializedVersion: 2
  m_Mass: 3.83999991
  m_Drag: .100000001
  m_AngularDrag: .100000001
  m_UseGravity: 1
  m_IsKinematic: 0
  m_Interpolate: 1
  m_Constraints: 0
  m_CollisionDetection: 1
--- !u!114 &1822416104
MonoBehaviour:
  m_ObjectHideFlags: 0
  m_PrefabParentObject: {fileID: 11400002, guid: 6d594cf13c24248169045688348f08a2,
    type: 2}
  m_PrefabInternal: {fileID: 0}
  m_GameObject: {fileID: 1822416098}
  m_Enabled: 1
  m_EditorHideFlags: 0
  m_Script: {fileID: 11500000, guid: 2d8a28e8d7bcd4f38a64fc3fca23a649, type: 3}
  m_Name: 
  m_EditorClassIdentifier: 
  fireButtonTex: {fileID: 2800000, guid: ae3d7049cbf2a421e8240105070db2b3, type: 3}
  initalMode: 1
  m_ballMode: 0
  rotateSpeed: 1.5
  minPower: .00625000009
  maxPower: 1
  powerScale: .100000001
  m_currentPower: 0
  ballForce: 17500
  fallTime: 2
  minRollTime: 1.20000005
  maxRollTime: 3
  minVelocity: .0500000007
  minAngularVelocity: 5.5999999
  requiredStoppedTime: 1
  greenTex: {fileID: 2800000, guid: df067abbabd2a463b9382ba5bde158de, type: 3}
  redTex: {fileID: 2800000, guid: be5689c36f3e7416aa807a38f0dee5ca, type: 3}
  wallHitAC: {fileID: 8300000, guid: 215377022702b43bbb0dc4ad2e148965, type: 3}
  strokeAC: {fileID: 8300000, guid: a7004710a1250429c97cedf4b3611914, type: 3}
  slowDownDrag: 1.25
  slowDownAngularDrag: .5
  useSuperBounce: 0
  wallBoostTime: 1
  wallBoostScalar: 1.25
  ballPhysicsMat: {fileID: 13400000, guid: cbc45ef4418608e43a58b4b4d3afff3e, type: 2}
  onTeeSpeed: 12
  teeBounds: {x: -2, y: 2, z: -1, w: 1}
  onWallHitGO: {fileID: 100000, guid: 9c5bd6070cd5d481abdb8755ff51fd7a, type: 2}
  onWaterHitGO: {fileID: 100000, guid: caf20877f7cce4351a9b1cfef8dcd186, type: 2}
  birdsEye: {fileID: 0}
  powerSpeedChange: .550000012
  repeatButtonGS:
    m_Name: 
    m_Normal:
      m_Background: {fileID: 0}
      m_TextColor: {r: 0, g: 0, b: 0, a: 1}
    m_Hover:
      m_Background: {fileID: 0}
      m_TextColor: {r: 0, g: 0, b: 0, a: 1}
    m_Active:
      m_Background: {fileID: 0}
      m_TextColor: {r: 0, g: 0, b: 0, a: 1}
    m_Focused:
      m_Background: {fileID: 0}
      m_TextColor: {r: 0, g: 0, b: 0, a: 1}
    m_OnNormal:
      m_Background: {fileID: 0}
      m_TextColor: {r: 0, g: 0, b: 0, a: 1}
    m_OnHover:
      m_Background: {fileID: 0}
      m_TextColor: {r: 0, g: 0, b: 0, a: 1}
    m_OnActive:
      m_Background: {fileID: 0}
      m_TextColor: {r: 0, g: 0, b: 0, a: 1}
    m_OnFocused:
      m_Background: {fileID: 0}
      m_TextColor: {r: 0, g: 0, b: 0, a: 1}
    m_Border:
      m_Left: 0
      m_Right: 0
      m_Top: 0
      m_Bottom: 0
    m_Margin:
      m_Left: 0
      m_Right: 0
      m_Top: 0
      m_Bottom: 0
    m_Padding:
      m_Left: 0
      m_Right: 0
      m_Top: 0
      m_Bottom: 0
    m_Overflow:
      m_Left: 0
      m_Right: 0
      m_Top: 0
      m_Bottom: 0
    m_Font: {fileID: 0}
    m_FontSize: 0
    m_FontStyle: 0
    m_Alignment: 0
    m_WordWrap: 0
    m_RichText: 1
    m_TextClipping: 0
    m_ImagePosition: 0
    m_ContentOffset: {x: 0, y: 0}
    m_FixedWidth: 0
    m_FixedHeight: 0
    m_StretchWidth: 1
    m_StretchHeight: 0
  aimDisabled: 0
--- !u!23 &1822416105
MeshRenderer:
  m_ObjectHideFlags: 0
  m_PrefabParentObject: {fileID: 2300002, guid: 6d594cf13c24248169045688348f08a2,
    type: 2}
  m_PrefabInternal: {fileID: 0}
  m_GameObject: {fileID: 1822416098}
  m_Enabled: 1
  m_CastShadows: 0
  m_ReceiveShadows: 1
  m_Materials:
  - {fileID: 2100000, guid: d3443ac707f3e5347a390c0eda90c81a, type: 2}
  m_SubsetIndices: 
  m_StaticBatchRoot: {fileID: 0}
  m_UseLightProbes: 0
  m_ReflectionProbeUsage: 1
  m_ProbeAnchor: {fileID: 0}
  m_ScaleInLightmap: 1
  m_PreserveUVs: 0
  m_ImportantGI: 0
  m_AutoUVMaxDistance: .5
  m_AutoUVMaxAngle: 89
  m_LightmapParameters: {fileID: 0}
  m_SortingLayerID: 0
  m_SortingOrder: 0
--- !u!33 &1822416106
MeshFilter:
  m_ObjectHideFlags: 0
  m_PrefabParentObject: {fileID: 3300002, guid: 6d594cf13c24248169045688348f08a2,
    type: 2}
  m_PrefabInternal: {fileID: 0}
  m_GameObject: {fileID: 1822416098}
  m_Mesh: {fileID: 4300000, guid: 08feb961463a3534fac0e17a47ff75a9, type: 3}
--- !u!1 &1934892153
GameObject:
  m_ObjectHideFlags: 0
  m_PrefabParentObject: {fileID: 100000, guid: f8eb00a394ccb4c6997d3ed3c38c5d44, type: 2}
  m_PrefabInternal: {fileID: 0}
  serializedVersion: 4
  m_Component:
  - 4: {fileID: 1934892154}
  m_Layer: 0
  m_Name: Hole (1)
  m_TagString: Untagged
  m_Icon: {fileID: 0}
  m_NavMeshLayer: 0
  m_StaticEditorFlags: 0
  m_IsActive: 1
--- !u!4 &1934892154
Transform:
  m_ObjectHideFlags: 0
  m_PrefabParentObject: {fileID: 400000, guid: f8eb00a394ccb4c6997d3ed3c38c5d44, type: 2}
  m_PrefabInternal: {fileID: 0}
  m_GameObject: {fileID: 1934892153}
  m_LocalRotation: {x: 0, y: 0, z: 0, w: 1}
  m_LocalPosition: {x: 0, y: 0, z: 0}
  m_LocalScale: {x: 1, y: 1, z: 1}
  m_Children:
  - {fileID: 341524594}
  - {fileID: 1719314757}
  m_Father: {fileID: 1700551361}
  m_RootOrder: 9
--- !u!1 &2100237613
GameObject:
  m_ObjectHideFlags: 0
  m_PrefabParentObject: {fileID: 100016, guid: f8eb00a394ccb4c6997d3ed3c38c5d44, type: 2}
  m_PrefabInternal: {fileID: 0}
  serializedVersion: 4
  m_Component:
  - 4: {fileID: 2100237614}
  - 20: {fileID: 2100237616}
  - 92: {fileID: 2100237615}
  m_Layer: 0
  m_Name: GUICamera
  m_TagString: Untagged
  m_Icon: {fileID: 0}
  m_NavMeshLayer: 0
  m_StaticEditorFlags: 0
  m_IsActive: 1
--- !u!4 &2100237614
Transform:
  m_ObjectHideFlags: 0
  m_PrefabParentObject: {fileID: 400016, guid: f8eb00a394ccb4c6997d3ed3c38c5d44, type: 2}
  m_PrefabInternal: {fileID: 0}
  m_GameObject: {fileID: 2100237613}
  m_LocalRotation: {x: 0, y: 0, z: 0, w: 1}
  m_LocalPosition: {x: 0, y: 0, z: 0}
  m_LocalScale: {x: 1, y: 1, z: 1}
  m_Children: []
  m_Father: {fileID: 1719314757}
  m_RootOrder: 1
--- !u!92 &2100237615
Behaviour:
  m_ObjectHideFlags: 0
  m_PrefabParentObject: {fileID: 9200000, guid: f8eb00a394ccb4c6997d3ed3c38c5d44,
    type: 2}
  m_PrefabInternal: {fileID: 0}
  m_GameObject: {fileID: 2100237613}
  m_Enabled: 1
--- !u!20 &2100237616
Camera:
  m_ObjectHideFlags: 0
  m_PrefabParentObject: {fileID: 2000000, guid: f8eb00a394ccb4c6997d3ed3c38c5d44,
    type: 2}
  m_PrefabInternal: {fileID: 0}
  m_GameObject: {fileID: 2100237613}
  m_Enabled: 1
  serializedVersion: 2
  m_ClearFlags: 3
  m_BackGroundColor: {r: 1, g: 1, b: .474509805, a: .0196078438}
  m_NormalizedViewPortRect:
    serializedVersion: 2
    x: 0
    y: 0
    width: 1
    height: 1
  near clip plane: .300000012
  far clip plane: 1000
  field of view: 65
  orthographic: 1
  orthographic size: 100
  m_Depth: 2
  m_CullingMask:
    serializedVersion: 2
    m_Bits: 2048
  m_RenderingPath: -1
  m_TargetTexture: {fileID: 0}
  m_TargetDisplay: 0
  m_TargetEye: 3
  m_HDR: 0
  m_OcclusionCulling: 1
  m_StereoConvergence: 10
  m_StereoSeparation: .0219999999
  m_StereoMirrorMode: 0
