%YAML 1.1
%TAG !u! tag:unity3d.com,2011:
--- !u!29 &1
SceneSettings:
  m_ObjectHideFlags: 0
  m_PVSData: 
  m_PVSObjectsArray: []
  m_PVSPortalsArray: []
  m_OcclusionBakeSettings:
    smallestOccluder: 5
    smallestHole: .25
    backfaceThreshold: 100
--- !u!104 &2
RenderSettings:
  m_ObjectHideFlags: 0
  serializedVersion: 6
  m_Fog: 0
  m_FogColor: {r: 0, g: 0, b: 0, a: 1}
  m_FogMode: 3
  m_FogDensity: .00499999989
  m_LinearFogStart: 0
  m_LinearFogEnd: 300
  m_AmbientSkyColor: {r: 0, g: 0, b: 0, a: 1}
  m_AmbientEquatorColor: {r: 0, g: 0, b: 0, a: 1}
  m_AmbientGroundColor: {r: 0, g: 0, b: 0, a: 1}
  m_AmbientIntensity: 1
  m_AmbientMode: 3
  m_SkyboxMaterial: {fileID: 2100000, guid: a2126534b3a11b34e977105bd9e3cc03, type: 2}
  m_HaloStrength: .5
  m_FlareStrength: 1
  m_FlareFadeSpeed: 3
  m_HaloTexture: {fileID: 0}
  m_SpotCookie: {fileID: 10001, guid: 0000000000000000e000000000000000, type: 0}
  m_DefaultReflectionMode: 0
  m_DefaultReflectionResolution: 128
  m_ReflectionBounces: 1
  m_ReflectionIntensity: 1
  m_CustomReflection: {fileID: 0}
  m_Sun: {fileID: 0}
--- !u!157 &4
LightmapSettings:
  m_ObjectHideFlags: 0
  serializedVersion: 5
  m_GIWorkflowMode: 1
  m_LightmapsMode: 1
  m_GISettings:
    serializedVersion: 2
    m_BounceScale: 1
    m_IndirectOutputScale: 1
    m_AlbedoBoost: 1
    m_TemporalCoherenceThreshold: 1
    m_EnvironmentLightingMode: 0
    m_EnableBakedLightmaps: 1
    m_EnableRealtimeLightmaps: 0
  m_LightmapEditorSettings:
    serializedVersion: 3
    m_Resolution: 1
    m_BakeResolution: 15
    m_TextureWidth: 1024
    m_TextureHeight: 1024
    m_AOMaxDistance: 1
    m_Padding: 2
    m_CompAOExponent: 0
    m_LightmapParameters: {fileID: 0}
    m_TextureCompression: 0
    m_FinalGather: 0
    m_FinalGatherRayCount: 1024
    m_ReflectionCompression: 2
  m_LightmapSnapshot: {fileID: 0}
  m_RuntimeCPUUsage: 25
--- !u!1 &26
GameObject:
  m_ObjectHideFlags: 0
  m_PrefabParentObject: {fileID: 100002, guid: f8eb00a394ccb4c6997d3ed3c38c5d44, type: 2}
  m_PrefabInternal: {fileID: 0}
  serializedVersion: 4
  m_Component:
  - 4: {fileID: 52}
  - 33: {fileID: 71}
  - 23: {fileID: 62}
  - 114: {fileID: 102}
  - 54: {fileID: 73}
  - 82: {fileID: 83}
  - 135: {fileID: 89}
  - 114: {fileID: 29}
  m_Layer: 12
  m_Name: Ball
  m_TagString: Player
  m_Icon: {fileID: 0}
  m_NavMeshLayer: 0
  m_StaticEditorFlags: 0
  m_IsActive: 1
--- !u!1 &27
GameObject:
  m_ObjectHideFlags: 0
  m_PrefabParentObject: {fileID: 100004, guid: f8eb00a394ccb4c6997d3ed3c38c5d44, type: 2}
  m_PrefabInternal: {fileID: 0}
  serializedVersion: 4
  m_Component:
  - 4: {fileID: 51}
  m_Layer: 9
  m_Name: TrailNode
  m_TagString: Untagged
  m_Icon: {fileID: 0}
  m_NavMeshLayer: 0
  m_StaticEditorFlags: 0
  m_IsActive: 1
--- !u!1 &28
GameObject:
  m_ObjectHideFlags: 0
  m_PrefabParentObject: {fileID: 100006, guid: f8eb00a394ccb4c6997d3ed3c38c5d44, type: 2}
  m_PrefabInternal: {fileID: 0}
  serializedVersion: 4
  m_Component:
  - 4: {fileID: 50}
  - 33: {fileID: 70}
  - 23: {fileID: 61}
  m_Layer: 9
  m_Name: Trail
  m_TagString: Untagged
  m_Icon: {fileID: 0}
  m_NavMeshLayer: 0
  m_StaticEditorFlags: 0
  m_IsActive: 1
--- !u!114 &29
MonoBehaviour:
  m_ObjectHideFlags: 0
  m_PrefabParentObject: {fileID: 11400000, guid: f8eb00a394ccb4c6997d3ed3c38c5d44,
    type: 2}
  m_PrefabInternal: {fileID: 0}
  m_GameObject: {fileID: 26}
  m_Enabled: 1
  m_EditorHideFlags: 0
  m_Script: {fileID: 11500000, guid: a2816d47e7d2d493dab89bbbc033df60, type: 3}
  m_Name: 
  m_EditorClassIdentifier: 
  volScalar: 1
  useUpdate: 1
--- !u!4 &50
Transform:
  m_ObjectHideFlags: 0
  m_PrefabParentObject: {fileID: 400002, guid: f8eb00a394ccb4c6997d3ed3c38c5d44, type: 2}
  m_PrefabInternal: {fileID: 0}
  m_GameObject: {fileID: 28}
  m_LocalRotation: {x: 0, y: 0, z: 0, w: 1}
  m_LocalPosition: {x: 0, y: 0, z: 0}
  m_LocalScale: {x: 1, y: 1, z: 1}
  m_Children: []
  m_Father: {fileID: 51}
  m_RootOrder: 0
--- !u!4 &51
Transform:
  m_ObjectHideFlags: 0
  m_PrefabParentObject: {fileID: 400004, guid: f8eb00a394ccb4c6997d3ed3c38c5d44, type: 2}
  m_PrefabInternal: {fileID: 0}
  m_GameObject: {fileID: 27}
  m_LocalRotation: {x: 0, y: 1, z: 0, w: -1.62920685e-07}
  m_LocalPosition: {x: 0, y: 0, z: 0}
  m_LocalScale: {x: 10, y: 10, z: 10}
  m_Children:
  - {fileID: 50}
  m_Father: {fileID: 52}
  m_RootOrder: 0
--- !u!4 &52
Transform:
  m_ObjectHideFlags: 0
  m_PrefabParentObject: {fileID: 400006, guid: f8eb00a394ccb4c6997d3ed3c38c5d44, type: 2}
  m_PrefabInternal: {fileID: 0}
  m_GameObject: {fileID: 26}
  m_LocalRotation: {x: 0, y: 1, z: 0, w: -1.62920685e-07}
  m_LocalPosition: {x: 3.36434132e-05, y: 4.65834236, z: 30.2708206}
  m_LocalScale: {x: 1, y: 1, z: 1}
  m_Children:
  - {fileID: 51}
  m_Father: {fileID: 127075584}
  m_RootOrder: 0
--- !u!23 &61
MeshRenderer:
  m_ObjectHideFlags: 0
  m_PrefabParentObject: {fileID: 2300000, guid: f8eb00a394ccb4c6997d3ed3c38c5d44,
    type: 2}
  m_PrefabInternal: {fileID: 0}
  m_GameObject: {fileID: 28}
  m_Enabled: 1
  m_CastShadows: 0
  m_ReceiveShadows: 0
  m_Materials:
  - {fileID: 2100000, guid: d42af26cdf5fb824ba87127b4508e285, type: 2}
  m_SubsetIndices: 
  m_StaticBatchRoot: {fileID: 0}
  m_UseLightProbes: 0
  m_ReflectionProbeUsage: 1
  m_ProbeAnchor: {fileID: 0}
  m_ScaleInLightmap: 1
  m_PreserveUVs: 0
  m_ImportantGI: 0
  m_AutoUVMaxDistance: .5
  m_AutoUVMaxAngle: 89
  m_LightmapParameters: {fileID: 0}
  m_SortingLayerID: 0
  m_SortingOrder: 0
--- !u!23 &62
MeshRenderer:
  m_ObjectHideFlags: 0
  m_PrefabParentObject: {fileID: 2300002, guid: f8eb00a394ccb4c6997d3ed3c38c5d44,
    type: 2}
  m_PrefabInternal: {fileID: 0}
  m_GameObject: {fileID: 26}
  m_Enabled: 1
  m_CastShadows: 0
  m_ReceiveShadows: 1
  m_Materials:
  - {fileID: 2100000, guid: d3443ac707f3e5347a390c0eda90c81a, type: 2}
  m_SubsetIndices: 
  m_StaticBatchRoot: {fileID: 0}
  m_UseLightProbes: 0
  m_ReflectionProbeUsage: 1
  m_ProbeAnchor: {fileID: 0}
  m_ScaleInLightmap: 1
  m_PreserveUVs: 0
  m_ImportantGI: 0
  m_AutoUVMaxDistance: .5
  m_AutoUVMaxAngle: 89
  m_LightmapParameters: {fileID: 0}
  m_SortingLayerID: 0
  m_SortingOrder: 0
--- !u!33 &70
MeshFilter:
  m_ObjectHideFlags: 0
  m_PrefabParentObject: {fileID: 3300000, guid: f8eb00a394ccb4c6997d3ed3c38c5d44,
    type: 2}
  m_PrefabInternal: {fileID: 0}
  m_GameObject: {fileID: 28}
  m_Mesh: {fileID: 4300000, guid: 291b818cfd83d41469b45ba189b3bd88, type: 3}
--- !u!33 &71
MeshFilter:
  m_ObjectHideFlags: 0
  m_PrefabParentObject: {fileID: 3300002, guid: f8eb00a394ccb4c6997d3ed3c38c5d44,
    type: 2}
  m_PrefabInternal: {fileID: 0}
  m_GameObject: {fileID: 26}
  m_Mesh: {fileID: 4300000, guid: 08feb961463a3534fac0e17a47ff75a9, type: 3}
--- !u!54 &73
Rigidbody:
  m_ObjectHideFlags: 0
  m_PrefabParentObject: {fileID: 5400000, guid: f8eb00a394ccb4c6997d3ed3c38c5d44,
    type: 2}
  m_PrefabInternal: {fileID: 0}
  m_GameObject: {fileID: 26}
  serializedVersion: 2
  m_Mass: 3.83999991
  m_Drag: .100000001
  m_AngularDrag: .100000001
  m_UseGravity: 1
  m_IsKinematic: 0
  m_Interpolate: 1
  m_Constraints: 0
  m_CollisionDetection: 1
--- !u!82 &83
AudioSource:
  m_ObjectHideFlags: 0
  m_PrefabParentObject: {fileID: 8200000, guid: f8eb00a394ccb4c6997d3ed3c38c5d44,
    type: 2}
  m_PrefabInternal: {fileID: 0}
  m_GameObject: {fileID: 26}
  m_Enabled: 1
  serializedVersion: 4
  OutputAudioMixerGroup: {fileID: 0}
  m_audioClip: {fileID: 0}
  m_PlayOnAwake: 0
  m_Volume: 1
  m_Pitch: 1
  Loop: 0
  Mute: 0
  Spatialize: 0
  Priority: 128
  DopplerLevel: 1
  MinDistance: 1
  MaxDistance: 500
  Pan2D: 0
  rolloffMode: 2
  BypassEffects: 0
  BypassListenerEffects: 0
  BypassReverbZones: 0
  rolloffCustomCurve:
    serializedVersion: 2
    m_Curve:
    - time: 0
      value: 1
      inSlope: 7.00649232e-43
      outSlope: 4.62427991e-36
      tangentMode: 0
    - time: .000200000009
      value: 1
      inSlope: 0
      outSlope: 0
      tangentMode: 0
    - time: .000400000019
      value: 1
      inSlope: 0
      outSlope: 0
      tangentMode: 0
    - time: .000800000038
      value: 1
      inSlope: 0
      outSlope: 0
      tangentMode: 0
    - time: .00160000008
      value: 1
      inSlope: 0
      outSlope: 0
      tangentMode: 0
    - time: .00320000015
      value: .943396211
      inSlope: -45.1818085
      outSlope: -43.8380966
      tangentMode: 0
    - time: .0064000003
      value: .819672108
      inSlope: -34.4980507
      outSlope: -32.7344971
      tangentMode: 0
    - time: .0128000006
      value: .649350643
      inSlope: -21.996954
      outSlope: -20.2415962
      tangentMode: 0
    - time: .0256000012
      value: .458715588
      inSlope: -11.1772795
      outSlope: -9.93751431
      tangentMode: 0
    - time: .0512000024
      value: .289017349
      inSlope: -4.51025534
      outSlope: -3.88882446
      tangentMode: 0
    - time: .102400005
      value: .166112959
      inSlope: -1.50792325
      outSlope: -1.2715317
      tangentMode: 0
    - time: .20480001
      value: .0897666067
      inSlope: -.443686068
      outSlope: -.368984908
      tangentMode: 0
    - time: .409600019
      value: .0467726849
      inSlope: -.120972067
      outSlope: -.0998222232
      tangentMode: 0
    - time: .819200039
      value: .0238891542
      inSlope: -.0316295177
      outSlope: -.0259913355
      tangentMode: 0
    - time: 1
      value: .0196463652
      inSlope: 7.00649232e-43
      outSlope: 4.62427991e-36
      tangentMode: 0
    m_PreInfinity: 2
    m_PostInfinity: 2
  panLevelCustomCurve:
    serializedVersion: 2
    m_Curve:
    - time: 0
      value: 1
      inSlope: 0
      outSlope: 0
      tangentMode: 0
    m_PreInfinity: 2
    m_PostInfinity: 2
  spreadCustomCurve:
    serializedVersion: 2
    m_Curve:
    - time: 0
      value: 0
      inSlope: 0
      outSlope: 0
      tangentMode: 0
    m_PreInfinity: 2
    m_PostInfinity: 2
  reverbZoneMixCustomCurve:
    serializedVersion: 2
    m_Curve:
    - time: 0
      value: 1
      inSlope: 0
      outSlope: 0
      tangentMode: 0
    m_PreInfinity: 2
    m_PostInfinity: 2
--- !u!135 &89
SphereCollider:
  m_ObjectHideFlags: 0
  m_PrefabParentObject: {fileID: 13500000, guid: f8eb00a394ccb4c6997d3ed3c38c5d44,
    type: 2}
  m_PrefabInternal: {fileID: 0}
  m_GameObject: {fileID: 26}
  m_Material: {fileID: 13400000, guid: cbc45ef4418608e43a58b4b4d3afff3e, type: 2}
  m_IsTrigger: 0
  m_Enabled: 1
  serializedVersion: 2
  m_Radius: .213
  m_Center: {x: 0, y: 0, z: 0}
--- !u!114 &102
MonoBehaviour:
  m_ObjectHideFlags: 0
  m_PrefabParentObject: {fileID: 11400002, guid: f8eb00a394ccb4c6997d3ed3c38c5d44,
    type: 2}
  m_PrefabInternal: {fileID: 0}
  m_GameObject: {fileID: 26}
  m_Enabled: 1
  m_EditorHideFlags: 0
  m_Script: {fileID: 11500000, guid: 2d8a28e8d7bcd4f38a64fc3fca23a649, type: 3}
  m_Name: 
  m_EditorClassIdentifier: 
  fireButtonTex: {fileID: 2800000, guid: ae3d7049cbf2a421e8240105070db2b3, type: 3}
  initalMode: 1
  m_ballMode: 0
  rotateSpeed: 1.5
  minPower: .00625000009
  maxPower: 1
  powerScale: .100000001
  m_currentPower: 0
  ballForce: 17500
  fallTime: 2
  minRollTime: 1.20000005
  maxRollTime: 3
  minVelocity: .0500000007
  minAngularVelocity: 5.5999999
  requiredStoppedTime: 1
  greenTex: {fileID: 2800000, guid: df067abbabd2a463b9382ba5bde158de, type: 3}
  redTex: {fileID: 2800000, guid: be5689c36f3e7416aa807a38f0dee5ca, type: 3}
  wallHitAC: {fileID: 8300000, guid: 215377022702b43bbb0dc4ad2e148965, type: 3}
  strokeAC: {fileID: 8300000, guid: a7004710a1250429c97cedf4b3611914, type: 3}
  slowDownDrag: 1.25
  slowDownAngularDrag: .5
  useSuperBounce: 0
  wallBoostTime: 1
  wallBoostScalar: 1.25
  ballPhysicsMat: {fileID: 13400000, guid: cbc45ef4418608e43a58b4b4d3afff3e, type: 2}
  onTeeSpeed: 12
  teeBounds: {x: -2, y: 2, z: -1, w: 1}
  onWallHitGO: {fileID: 100000, guid: 9c5bd6070cd5d481abdb8755ff51fd7a, type: 2}
  onWaterHitGO: {fileID: 100000, guid: caf20877f7cce4351a9b1cfef8dcd186, type: 2}
  birdsEye: {fileID: 0}
  powerSpeedChange: .550000012
  repeatButtonGS:
    m_Name: 
    m_Normal:
      m_Background: {fileID: 0}
      m_TextColor: {r: 0, g: 0, b: 0, a: 1}
    m_Hover:
      m_Background: {fileID: 0}
      m_TextColor: {r: 0, g: 0, b: 0, a: 1}
    m_Active:
      m_Background: {fileID: 0}
      m_TextColor: {r: 0, g: 0, b: 0, a: 1}
    m_Focused:
      m_Background: {fileID: 0}
      m_TextColor: {r: 0, g: 0, b: 0, a: 1}
    m_OnNormal:
      m_Background: {fileID: 0}
      m_TextColor: {r: 0, g: 0, b: 0, a: 1}
    m_OnHover:
      m_Background: {fileID: 0}
      m_TextColor: {r: 0, g: 0, b: 0, a: 1}
    m_OnActive:
      m_Background: {fileID: 0}
      m_TextColor: {r: 0, g: 0, b: 0, a: 1}
    m_OnFocused:
      m_Background: {fileID: 0}
      m_TextColor: {r: 0, g: 0, b: 0, a: 1}
    m_Border:
      m_Left: 0
      m_Right: 0
      m_Top: 0
      m_Bottom: 0
    m_Margin:
      m_Left: 0
      m_Right: 0
      m_Top: 0
      m_Bottom: 0
    m_Padding:
      m_Left: 0
      m_Right: 0
      m_Top: 0
      m_Bottom: 0
    m_Overflow:
      m_Left: 0
      m_Right: 0
      m_Top: 0
      m_Bottom: 0
    m_Font: {fileID: 0}
    m_FontSize: 0
    m_FontStyle: 0
    m_Alignment: 0
    m_WordWrap: 0
    m_RichText: 1
    m_TextClipping: 0
    m_ImagePosition: 0
    m_ContentOffset: {x: 0, y: 0}
    m_FixedWidth: 0
    m_FixedHeight: 0
    m_StretchWidth: 1
    m_StretchHeight: 0
  aimDisabled: 0
--- !u!196 &105
NavMeshSettings:
  serializedVersion: 2
  m_ObjectHideFlags: 0
  m_BuildSettings:
    serializedVersion: 2
    agentRadius: .5
    agentHeight: 2
    agentSlope: 45
    agentClimb: .400000006
    ledgeDropHeight: 0
    maxJumpAcrossDistance: 0
    accuratePlacement: 0
    minRegionArea: 2
    cellSize: .166666657
    manualCellSize: 0
  m_NavMeshData: {fileID: 0}
--- !u!1 &38184312
GameObject:
  m_ObjectHideFlags: 0
  m_PrefabParentObject: {fileID: 100004, guid: 93d63ee9864cb4d63a5ba1ecf3886b8b, type: 2}
  m_PrefabInternal: {fileID: 1259441328}
  serializedVersion: 4
  m_Component:
  - 4: {fileID: 38184313}
  - 95: {fileID: 38184314}
  m_Layer: 0
  m_Name: tile19
  m_TagString: Untagged
  m_Icon: {fileID: 0}
  m_NavMeshLayer: 0
  m_StaticEditorFlags: 4294967295
  m_IsActive: 1
--- !u!4 &38184313
Transform:
  m_ObjectHideFlags: 0
  m_PrefabParentObject: {fileID: 400004, guid: 93d63ee9864cb4d63a5ba1ecf3886b8b, type: 2}
  m_PrefabInternal: {fileID: 1259441328}
  m_GameObject: {fileID: 38184312}
  m_LocalRotation: {x: 0, y: 0, z: 0, w: 1}
  m_LocalPosition: {x: 0, y: -.536130011, z: 372.507385}
  m_LocalScale: {x: 1.00336003, y: 1.00336003, z: 1.00336003}
  m_Children:
  - {fileID: 1219009658}
  - {fileID: 1390075111}
  m_Father: {fileID: 1751960821}
  m_RootOrder: 3
--- !u!95 &38184314
Animator:
  serializedVersion: 3
  m_ObjectHideFlags: 0
  m_PrefabParentObject: {fileID: 9500000, guid: 93d63ee9864cb4d63a5ba1ecf3886b8b,
    type: 2}
  m_PrefabInternal: {fileID: 1259441328}
  m_GameObject: {fileID: 38184312}
  m_Enabled: 1
  m_Avatar: {fileID: 9000000, guid: 13cb2e7e89bd84f0eb06b3386054f5e3, type: 3}
  m_Controller: {fileID: 0}
  m_CullingMode: 1
  m_UpdateMode: 0
  m_ApplyRootMotion: 1
  m_LinearVelocityBlending: 0
  m_WarningMessage: 
  m_HasTransformHierarchy: 1
  m_AllowConstantClipSamplingOptimization: 1
--- !u!1001 &53880271
Prefab:
  m_ObjectHideFlags: 0
  serializedVersion: 2
  m_Modification:
    m_TransformParent: {fileID: 1751960821}
    m_Modifications:
    - target: {fileID: 400004, guid: 55275d55d3b904062a94edb227e0037f, type: 2}
      propertyPath: m_LocalPosition.x
      value: 0
      objectReference: {fileID: 0}
    - target: {fileID: 400004, guid: 55275d55d3b904062a94edb227e0037f, type: 2}
      propertyPath: m_LocalPosition.y
      value: 0
      objectReference: {fileID: 0}
    - target: {fileID: 400004, guid: 55275d55d3b904062a94edb227e0037f, type: 2}
      propertyPath: m_LocalPosition.z
      value: 256
      objectReference: {fileID: 0}
    - target: {fileID: 400004, guid: 55275d55d3b904062a94edb227e0037f, type: 2}
      propertyPath: m_LocalRotation.x
      value: 0
      objectReference: {fileID: 0}
    - target: {fileID: 400004, guid: 55275d55d3b904062a94edb227e0037f, type: 2}
      propertyPath: m_LocalRotation.y
      value: 0
      objectReference: {fileID: 0}
    - target: {fileID: 400004, guid: 55275d55d3b904062a94edb227e0037f, type: 2}
      propertyPath: m_LocalRotation.z
      value: 0
      objectReference: {fileID: 0}
    - target: {fileID: 400004, guid: 55275d55d3b904062a94edb227e0037f, type: 2}
      propertyPath: m_LocalRotation.w
      value: 1
      objectReference: {fileID: 0}
    - target: {fileID: 100004, guid: 55275d55d3b904062a94edb227e0037f, type: 2}
      propertyPath: m_StaticEditorFlags
      value: 4294967295
      objectReference: {fileID: 0}
    - target: {fileID: 100002, guid: 55275d55d3b904062a94edb227e0037f, type: 2}
      propertyPath: m_StaticEditorFlags
      value: 4294967295
      objectReference: {fileID: 0}
    - target: {fileID: 100000, guid: 55275d55d3b904062a94edb227e0037f, type: 2}
      propertyPath: m_StaticEditorFlags
      value: 4294967295
      objectReference: {fileID: 0}
    - target: {fileID: 2300002, guid: 55275d55d3b904062a94edb227e0037f, type: 2}
      propertyPath: m_LightmapIndex
      value: 255
      objectReference: {fileID: 0}
    - target: {fileID: 2300002, guid: 55275d55d3b904062a94edb227e0037f, type: 2}
      propertyPath: m_LightmapTilingOffset.x
      value: 1
      objectReference: {fileID: 0}
    - target: {fileID: 2300002, guid: 55275d55d3b904062a94edb227e0037f, type: 2}
      propertyPath: m_LightmapTilingOffset.y
      value: 1
      objectReference: {fileID: 0}
    - target: {fileID: 2300002, guid: 55275d55d3b904062a94edb227e0037f, type: 2}
      propertyPath: m_LightmapTilingOffset.z
      value: 0
      objectReference: {fileID: 0}
    - target: {fileID: 2300000, guid: 55275d55d3b904062a94edb227e0037f, type: 2}
      propertyPath: m_LightmapIndex
      value: 255
      objectReference: {fileID: 0}
    - target: {fileID: 2300000, guid: 55275d55d3b904062a94edb227e0037f, type: 2}
      propertyPath: m_LightmapTilingOffset.x
      value: 1
      objectReference: {fileID: 0}
    - target: {fileID: 2300000, guid: 55275d55d3b904062a94edb227e0037f, type: 2}
      propertyPath: m_LightmapTilingOffset.y
      value: 1
      objectReference: {fileID: 0}
    - target: {fileID: 2300000, guid: 55275d55d3b904062a94edb227e0037f, type: 2}
      propertyPath: m_LightmapTilingOffset.z
      value: 0
      objectReference: {fileID: 0}
    - target: {fileID: 2300002, guid: 55275d55d3b904062a94edb227e0037f, type: 2}
      propertyPath: m_LightmapTilingOffset.w
      value: 0
      objectReference: {fileID: 0}
    m_RemovedComponents: []
  m_ParentPrefab: {fileID: 100100000, guid: 55275d55d3b904062a94edb227e0037f, type: 2}
  m_RootGameObject: {fileID: 835928795}
  m_IsPrefabParent: 0
--- !u!1 &127075583
GameObject:
  m_ObjectHideFlags: 0
  m_PrefabParentObject: {fileID: 100000, guid: f8eb00a394ccb4c6997d3ed3c38c5d44, type: 2}
  m_PrefabInternal: {fileID: 0}
  serializedVersion: 4
  m_Component:
  - 4: {fileID: 127075584}
  m_Layer: 0
  m_Name: Hole
  m_TagString: Untagged
  m_Icon: {fileID: 0}
  m_NavMeshLayer: 0
  m_StaticEditorFlags: 0
  m_IsActive: 1
--- !u!4 &127075584
Transform:
  m_ObjectHideFlags: 0
  m_PrefabParentObject: {fileID: 400000, guid: f8eb00a394ccb4c6997d3ed3c38c5d44, type: 2}
  m_PrefabInternal: {fileID: 0}
  m_GameObject: {fileID: 127075583}
  m_LocalRotation: {x: 0, y: 0, z: 0, w: 1}
  m_LocalPosition: {x: 86.5092621, y: 1.51913834, z: 116.511284}
  m_LocalScale: {x: 1, y: 1, z: 1}
  m_Children:
  - {fileID: 52}
  - {fileID: 2023332611}
  - {fileID: 1949166182}
  m_Father: {fileID: 0}
  m_RootOrder: 1
--- !u!1 &253858837
GameObject:
  m_ObjectHideFlags: 0
  m_PrefabParentObject: {fileID: 100008, guid: f8eb00a394ccb4c6997d3ed3c38c5d44, type: 2}
  m_PrefabInternal: {fileID: 0}
  serializedVersion: 4
  m_Component:
  - 4: {fileID: 253858838}
  - 131: {fileID: 253858839}
  - 114: {fileID: 253858841}
  - 114: {fileID: 253858840}
  m_Layer: 11
  m_Name: Joystick
  m_TagString: Untagged
  m_Icon: {fileID: 0}
  m_NavMeshLayer: 0
  m_StaticEditorFlags: 0
  m_IsActive: 1
--- !u!4 &253858838
Transform:
  m_ObjectHideFlags: 0
  m_PrefabParentObject: {fileID: 400008, guid: f8eb00a394ccb4c6997d3ed3c38c5d44, type: 2}
  m_PrefabInternal: {fileID: 0}
  m_GameObject: {fileID: 253858837}
  m_LocalRotation: {x: 0, y: 0, z: 0, w: 1}
  m_LocalPosition: {x: .850000024, y: .150000006, z: 0}
  m_LocalScale: {x: .200000003, y: .200000003, z: 1}
  m_Children: []
  m_Father: {fileID: 340011351}
  m_RootOrder: 0
--- !u!131 &253858839
GUITexture:
  m_ObjectHideFlags: 0
  m_PrefabParentObject: {fileID: 13100000, guid: f8eb00a394ccb4c6997d3ed3c38c5d44,
    type: 2}
  m_PrefabInternal: {fileID: 0}
  m_GameObject: {fileID: 253858837}
  m_Enabled: 1
  m_Texture: {fileID: 2800000, guid: ae3d7049cbf2a421e8240105070db2b3, type: 3}
  m_Color: {r: .5, g: .5, b: .5, a: .5}
  m_PixelInset:
    serializedVersion: 2
    x: 0
    y: 0
    width: 0
    height: 0
  m_LeftBorder: 0
  m_RightBorder: 0
  m_TopBorder: 0
  m_BottomBorder: 0
--- !u!114 &253858840
MonoBehaviour:
  m_ObjectHideFlags: 0
  m_PrefabParentObject: {fileID: 11400004, guid: f8eb00a394ccb4c6997d3ed3c38c5d44,
    type: 2}
  m_PrefabInternal: {fileID: 0}
  m_GameObject: {fileID: 253858837}
  m_Enabled: 1
  m_EditorHideFlags: 0
  m_Script: {fileID: 11500000, guid: 03a0edf072323491db5a789c595937c3, type: 3}
  m_Name: 
  m_EditorClassIdentifier: 
--- !u!114 &253858841
MonoBehaviour:
  m_ObjectHideFlags: 0
  m_PrefabParentObject: {fileID: 11400006, guid: f8eb00a394ccb4c6997d3ed3c38c5d44,
    type: 2}
  m_PrefabInternal: {fileID: 0}
  m_GameObject: {fileID: 253858837}
  m_Enabled: 1
  m_EditorHideFlags: 0
  m_Script: {fileID: 11500000, guid: 2f695f0a603fa4011abd34cd8f9152ee, type: 3}
  m_Name: 
  m_EditorClassIdentifier: 
  touchPad: 1
  touchZone:
    x: 0
    y: 0
    width: 0
    height: 0
  deadZone: {x: 0, y: 0}
  normalize: 0
  position: {x: 0, y: 0}
  tapCount: 0
--- !u!1 &340011350
GameObject:
  m_ObjectHideFlags: 0
  m_PrefabParentObject: {fileID: 100016, guid: f8eb00a394ccb4c6997d3ed3c38c5d44, type: 2}
  m_PrefabInternal: {fileID: 0}
  serializedVersion: 4
  m_Component:
  - 4: {fileID: 340011351}
  - 20: {fileID: 340011352}
  - 92: {fileID: 340011353}
  m_Layer: 0
  m_Name: GUICamera
  m_TagString: Untagged
  m_Icon: {fileID: 0}
  m_NavMeshLayer: 0
  m_StaticEditorFlags: 0
  m_IsActive: 1
--- !u!4 &340011351
Transform:
  m_ObjectHideFlags: 0
  m_PrefabParentObject: {fileID: 400016, guid: f8eb00a394ccb4c6997d3ed3c38c5d44, type: 2}
  m_PrefabInternal: {fileID: 0}
  m_GameObject: {fileID: 340011350}
  m_LocalRotation: {x: 0, y: 0, z: 0, w: 1}
  m_LocalPosition: {x: 0, y: 0, z: 0}
  m_LocalScale: {x: 1, y: 1, z: 1}
  m_Children:
  - {fileID: 253858838}
  m_Father: {fileID: 1949166182}
  m_RootOrder: 1
--- !u!20 &340011352
Camera:
  m_ObjectHideFlags: 0
  m_PrefabParentObject: {fileID: 2000000, guid: f8eb00a394ccb4c6997d3ed3c38c5d44,
    type: 2}
  m_PrefabInternal: {fileID: 0}
  m_GameObject: {fileID: 340011350}
  m_Enabled: 1
  serializedVersion: 2
  m_ClearFlags: 3
  m_BackGroundColor: {r: 1, g: 1, b: .474509805, a: .0196078438}
  m_NormalizedViewPortRect:
    serializedVersion: 2
    x: 0
    y: 0
    width: 1
    height: 1
  near clip plane: .300000012
  far clip plane: 1000
  field of view: 65
  orthographic: 1
  orthographic size: 100
  m_Depth: 2
  m_CullingMask:
    serializedVersion: 2
    m_Bits: 2048
  m_RenderingPath: -1
  m_TargetTexture: {fileID: 0}
  m_TargetDisplay: 0
  m_TargetEye: 3
  m_HDR: 0
  m_OcclusionCulling: 1
  m_StereoConvergence: 10
  m_StereoSeparation: .0219999999
  m_StereoMirrorMode: 0
--- !u!92 &340011353
Behaviour:
  m_ObjectHideFlags: 0
  m_PrefabParentObject: {fileID: 9200000, guid: f8eb00a394ccb4c6997d3ed3c38c5d44,
    type: 2}
  m_PrefabInternal: {fileID: 0}
  m_GameObject: {fileID: 340011350}
  m_Enabled: 1
--- !u!1001 &396969808
Prefab:
  m_ObjectHideFlags: 0
  serializedVersion: 2
  m_Modification:
    m_TransformParent: {fileID: 0}
    m_Modifications:
    - target: {fileID: 400000, guid: a89c638a34e54cf478a69049f84a3a61, type: 2}
      propertyPath: m_LocalPosition.x
      value: 0
      objectReference: {fileID: 0}
    - target: {fileID: 400000, guid: a89c638a34e54cf478a69049f84a3a61, type: 2}
      propertyPath: m_LocalPosition.y
      value: 1.7971344
      objectReference: {fileID: 0}
    - target: {fileID: 400000, guid: a89c638a34e54cf478a69049f84a3a61, type: 2}
      propertyPath: m_LocalPosition.z
      value: 0
      objectReference: {fileID: 0}
    - target: {fileID: 400000, guid: a89c638a34e54cf478a69049f84a3a61, type: 2}
      propertyPath: m_LocalRotation.x
      value: 0
      objectReference: {fileID: 0}
    - target: {fileID: 400000, guid: a89c638a34e54cf478a69049f84a3a61, type: 2}
      propertyPath: m_LocalRotation.y
      value: 0
      objectReference: {fileID: 0}
    - target: {fileID: 400000, guid: a89c638a34e54cf478a69049f84a3a61, type: 2}
      propertyPath: m_LocalRotation.z
      value: 0
      objectReference: {fileID: 0}
    - target: {fileID: 400000, guid: a89c638a34e54cf478a69049f84a3a61, type: 2}
      propertyPath: m_LocalRotation.w
      value: 1
      objectReference: {fileID: 0}
    - target: {fileID: 400000, guid: a89c638a34e54cf478a69049f84a3a61, type: 2}
      propertyPath: m_RootMapOrder
      value: 
      objectReference: {fileID: 0}
    - target: {fileID: 400000, guid: a89c638a34e54cf478a69049f84a3a61, type: 2}
      propertyPath: m_RootOrder
      value: 4
      objectReference: {fileID: 0}
    m_RemovedComponents: []
  m_ParentPrefab: {fileID: 100100000, guid: a89c638a34e54cf478a69049f84a3a61, type: 2}
  m_RootGameObject: {fileID: 919884941}
  m_IsPrefabParent: 0
--- !u!1 &835928795
GameObject:
  m_ObjectHideFlags: 0
  m_PrefabParentObject: {fileID: 100004, guid: 55275d55d3b904062a94edb227e0037f, type: 2}
  m_PrefabInternal: {fileID: 53880271}
  serializedVersion: 4
  m_Component:
  - 4: {fileID: 835928797}
  - 95: {fileID: 835928796}
  m_Layer: 0
  m_Name: tile10
  m_TagString: Untagged
  m_Icon: {fileID: 0}
  m_NavMeshLayer: 0
  m_StaticEditorFlags: 4294967295
  m_IsActive: 1
--- !u!95 &835928796
Animator:
  serializedVersion: 3
  m_ObjectHideFlags: 0
  m_PrefabParentObject: {fileID: 9500000, guid: 55275d55d3b904062a94edb227e0037f,
    type: 2}
  m_PrefabInternal: {fileID: 53880271}
  m_GameObject: {fileID: 835928795}
  m_Enabled: 1
  m_Avatar: {fileID: 9000000, guid: 52bd6ed38de9947388a8b569567f876b, type: 3}
  m_Controller: {fileID: 0}
  m_CullingMode: 1
  m_UpdateMode: 0
  m_ApplyRootMotion: 1
  m_LinearVelocityBlending: 0
  m_WarningMessage: 
  m_HasTransformHierarchy: 1
  m_AllowConstantClipSamplingOptimization: 1
--- !u!4 &835928797
Transform:
  m_ObjectHideFlags: 0
  m_PrefabParentObject: {fileID: 400004, guid: 55275d55d3b904062a94edb227e0037f, type: 2}
  m_PrefabInternal: {fileID: 53880271}
  m_GameObject: {fileID: 835928795}
  m_LocalRotation: {x: 0, y: 0, z: 0, w: 1}
  m_LocalPosition: {x: 0, y: 0, z: 256}
  m_LocalScale: {x: .100000001, y: .100000001, z: .100000001}
  m_Children:
  - {fileID: 1936023417}
  - {fileID: 855270351}
  m_Father: {fileID: 1751960821}
  m_RootOrder: 0
--- !u!1 &855270350
GameObject:
  m_ObjectHideFlags: 0
  m_PrefabParentObject: {fileID: 100000, guid: 55275d55d3b904062a94edb227e0037f, type: 2}
  m_PrefabInternal: {fileID: 53880271}
  serializedVersion: 4
  m_Component:
  - 4: {fileID: 855270351}
  - 33: {fileID: 855270354}
  - 23: {fileID: 855270353}
  - 64: {fileID: 855270352}
  m_Layer: 8
  m_Name: tile10_walls
  m_TagString: Untagged
  m_Icon: {fileID: 0}
  m_NavMeshLayer: 0
  m_StaticEditorFlags: 4294967295
  m_IsActive: 1
--- !u!4 &855270351
Transform:
  m_ObjectHideFlags: 0
  m_PrefabParentObject: {fileID: 400000, guid: 55275d55d3b904062a94edb227e0037f, type: 2}
  m_PrefabInternal: {fileID: 53880271}
  m_GameObject: {fileID: 855270350}
  m_LocalRotation: {x: -.707106829, y: 0, z: -0, w: .707106829}
  m_LocalPosition: {x: 0, y: 0, z: 0}
  m_LocalScale: {x: 1, y: 1, z: 1}
  m_Children: []
  m_Father: {fileID: 835928797}
  m_RootOrder: 1
--- !u!64 &855270352
MeshCollider:
  m_ObjectHideFlags: 0
  m_PrefabParentObject: {fileID: 6400000, guid: 55275d55d3b904062a94edb227e0037f,
    type: 2}
  m_PrefabInternal: {fileID: 53880271}
  m_GameObject: {fileID: 855270350}
  m_Material: {fileID: 13400000, guid: 99e86ee0ad11f8d6d00011d98d76c639, type: 2}
  m_IsTrigger: 0
  m_Enabled: 1
  serializedVersion: 2
  m_Convex: 0
  m_Mesh: {fileID: 4300000, guid: 52bd6ed38de9947388a8b569567f876b, type: 3}
--- !u!23 &855270353
MeshRenderer:
  m_ObjectHideFlags: 0
  m_PrefabParentObject: {fileID: 2300000, guid: 55275d55d3b904062a94edb227e0037f,
    type: 2}
  m_PrefabInternal: {fileID: 53880271}
  m_GameObject: {fileID: 855270350}
  m_Enabled: 1
  m_CastShadows: 1
  m_ReceiveShadows: 1
  m_Materials:
  - {fileID: 2100000, guid: cf02aba9bfd84444d8107e5f91af0621, type: 2}
  - {fileID: 2100000, guid: 64aaaeb38d9a54fcd81e503183cfb074, type: 2}
  m_SubsetIndices: 
  m_StaticBatchRoot: {fileID: 0}
  m_UseLightProbes: 0
  m_ReflectionProbeUsage: 1
  m_ProbeAnchor: {fileID: 0}
  m_ScaleInLightmap: 1
  m_PreserveUVs: 0
  m_ImportantGI: 0
  m_AutoUVMaxDistance: .5
  m_AutoUVMaxAngle: 89
  m_LightmapParameters: {fileID: 0}
  m_SortingLayerID: 0
  m_SortingOrder: 0
--- !u!33 &855270354
MeshFilter:
  m_ObjectHideFlags: 0
  m_PrefabParentObject: {fileID: 3300000, guid: 55275d55d3b904062a94edb227e0037f,
    type: 2}
  m_PrefabInternal: {fileID: 53880271}
  m_GameObject: {fileID: 855270350}
  m_Mesh: {fileID: 4300000, guid: 52bd6ed38de9947388a8b569567f876b, type: 3}
--- !u!1 &919884941
GameObject:
  m_ObjectHideFlags: 0
  m_PrefabParentObject: {fileID: 100000, guid: a89c638a34e54cf478a69049f84a3a61, type: 2}
  m_PrefabInternal: {fileID: 396969808}
  serializedVersion: 4
  m_Component:
  - 4: {fileID: 919884946}
  - 33: {fileID: 919884945}
  - 64: {fileID: 919884944}
  - 23: {fileID: 919884943}
  - 114: {fileID: 919884942}
  m_Layer: 0
  m_Name: waterPlane
  m_TagString: Untagged
  m_Icon: {fileID: 0}
  m_NavMeshLayer: 0
  m_StaticEditorFlags: 0
  m_IsActive: 1
--- !u!114 &919884942
MonoBehaviour:
  m_ObjectHideFlags: 0
  m_PrefabParentObject: {fileID: 11400000, guid: a89c638a34e54cf478a69049f84a3a61,
    type: 2}
  m_PrefabInternal: {fileID: 396969808}
  m_GameObject: {fileID: 919884941}
  m_Enabled: 1
  m_EditorHideFlags: 0
  m_Script: {fileID: 11500000, guid: 4d6036ff1f4e87546955ff2e8a36ca8d, type: 3}
  m_Name: 
  m_EditorClassIdentifier: 
  texture1Speed: {x: .0500000007, y: .0500000007}
  texture2Speed: {x: -.0500000007, y: -.0500000007}
  bumpMap1Speed: {x: .0500000007, y: .0500000007}
  bumpMap2Speed: {x: -.0500000007, y: -.0500000007}
  distortSpeed: {x: .0500000007, y: .0500000007}
  distort1Speed: {x: .0500000007, y: .0500000007}
  distort2Speed: {x: -.0500000007, y: -.0500000007}
--- !u!23 &919884943
MeshRenderer:
  m_ObjectHideFlags: 0
  m_PrefabParentObject: {fileID: 2300000, guid: a89c638a34e54cf478a69049f84a3a61,
    type: 2}
  m_PrefabInternal: {fileID: 396969808}
  m_GameObject: {fileID: 919884941}
  m_Enabled: 1
  m_CastShadows: 0
  m_ReceiveShadows: 1
  m_Materials:
  - {fileID: 2100000, guid: cb674a27240187b4b9c1629b423a309c, type: 2}
  m_SubsetIndices: 
  m_StaticBatchRoot: {fileID: 0}
  m_UseLightProbes: 0
  m_ReflectionProbeUsage: 1
  m_ProbeAnchor: {fileID: 0}
  m_ScaleInLightmap: 1
  m_PreserveUVs: 0
  m_ImportantGI: 0
  m_AutoUVMaxDistance: .5
  m_AutoUVMaxAngle: 89
  m_LightmapParameters: {fileID: 0}
  m_SortingLayerID: 0
  m_SortingOrder: 0
--- !u!64 &919884944
MeshCollider:
  m_ObjectHideFlags: 0
  m_PrefabParentObject: {fileID: 6400000, guid: a89c638a34e54cf478a69049f84a3a61,
    type: 2}
  m_PrefabInternal: {fileID: 396969808}
  m_GameObject: {fileID: 919884941}
  m_Material: {fileID: 0}
  m_IsTrigger: 1
  m_Enabled: 1
  serializedVersion: 2
  m_Convex: 0
  m_Mesh: {fileID: 10209, guid: 0000000000000000e000000000000000, type: 0}
--- !u!33 &919884945
MeshFilter:
  m_ObjectHideFlags: 0
  m_PrefabParentObject: {fileID: 3300000, guid: a89c638a34e54cf478a69049f84a3a61,
    type: 2}
  m_PrefabInternal: {fileID: 396969808}
  m_GameObject: {fileID: 919884941}
  m_Mesh: {fileID: 10209, guid: 0000000000000000e000000000000000, type: 0}
--- !u!4 &919884946
Transform:
  m_ObjectHideFlags: 0
  m_PrefabParentObject: {fileID: 400000, guid: a89c638a34e54cf478a69049f84a3a61, type: 2}
  m_PrefabInternal: {fileID: 396969808}
  m_GameObject: {fileID: 919884941}
  m_LocalRotation: {x: 0, y: 0, z: 0, w: 1}
  m_LocalPosition: {x: 0, y: 1.7971344, z: 0}
  m_LocalScale: {x: 10, y: 1, z: 10}
  m_Children: []
  m_Father: {fileID: 0}
  m_RootOrder: 4
--- !u!1 &960317025
GameObject:
  m_ObjectHideFlags: 0
  m_PrefabParentObject: {fileID: 100002, guid: e3f9169ad875c400aaa286dd9ceb48d4, type: 2}
  m_PrefabInternal: {fileID: 1352870523}
  serializedVersion: 4
  m_Component:
  - 4: {fileID: 960317031}
  - 33: {fileID: 960317030}
  - 23: {fileID: 960317029}
  - 64: {fileID: 960317028}
  - 114: {fileID: 960317026}
  - 65: {fileID: 960317027}
  m_Layer: 10
  m_Name: tile01_hole
  m_TagString: Untagged
  m_Icon: {fileID: 0}
  m_NavMeshLayer: 0
  m_StaticEditorFlags: 4294967295
  m_IsActive: 1
--- !u!114 &960317026
MonoBehaviour:
  m_ObjectHideFlags: 0
  m_PrefabParentObject: {fileID: 11400000, guid: e3f9169ad875c400aaa286dd9ceb48d4,
    type: 2}
  m_PrefabInternal: {fileID: 1352870523}
  m_GameObject: {fileID: 960317025}
  m_Enabled: 1
  m_EditorHideFlags: 0
  m_Script: {fileID: 11500000, guid: fc64e0e5bbdf97c43bfa5d5fd45abd33, type: 3}
  m_Name: 
  m_EditorClassIdentifier: 
--- !u!65 &960317027
BoxCollider:
  m_ObjectHideFlags: 0
  m_PrefabParentObject: {fileID: 6500000, guid: e3f9169ad875c400aaa286dd9ceb48d4,
    type: 2}
  m_PrefabInternal: {fileID: 1352870523}
  m_GameObject: {fileID: 960317025}
  m_Material: {fileID: 0}
  m_IsTrigger: 1
  m_Enabled: 1
  serializedVersion: 2
  m_Size: {x: 16, y: 19.9573994, z: 18.5349579}
  m_Center: {x: -.0320703983, y: 16.5646324, z: 53}
--- !u!64 &960317028
MeshCollider:
  m_ObjectHideFlags: 0
  m_PrefabParentObject: {fileID: 6400002, guid: e3f9169ad875c400aaa286dd9ceb48d4,
    type: 2}
  m_PrefabInternal: {fileID: 1352870523}
  m_GameObject: {fileID: 960317025}
  m_Material: {fileID: 13400000, guid: 67db31eead11e8d6d00011d98d76c639, type: 2}
  m_IsTrigger: 0
  m_Enabled: 1
  serializedVersion: 2
  m_Convex: 0
  m_Mesh: {fileID: 4300004, guid: c303909d08a2c47b2b801b0d5474014a, type: 3}
--- !u!23 &960317029
MeshRenderer:
  m_ObjectHideFlags: 0
  m_PrefabParentObject: {fileID: 2300002, guid: e3f9169ad875c400aaa286dd9ceb48d4,
    type: 2}
  m_PrefabInternal: {fileID: 1352870523}
  m_GameObject: {fileID: 960317025}
  m_Enabled: 1
  m_CastShadows: 1
  m_ReceiveShadows: 1
  m_Materials:
  - {fileID: 2100000, guid: 5504b3f852abd4a9aba674539e4c876e, type: 2}
  m_SubsetIndices: 
  m_StaticBatchRoot: {fileID: 0}
  m_UseLightProbes: 0
  m_ReflectionProbeUsage: 1
  m_ProbeAnchor: {fileID: 0}
  m_ScaleInLightmap: 1
  m_PreserveUVs: 0
  m_ImportantGI: 0
  m_AutoUVMaxDistance: .5
  m_AutoUVMaxAngle: 89
  m_LightmapParameters: {fileID: 0}
  m_SortingLayerID: 0
  m_SortingOrder: 0
--- !u!33 &960317030
MeshFilter:
  m_ObjectHideFlags: 0
  m_PrefabParentObject: {fileID: 3300002, guid: e3f9169ad875c400aaa286dd9ceb48d4,
    type: 2}
  m_PrefabInternal: {fileID: 1352870523}
  m_GameObject: {fileID: 960317025}
  m_Mesh: {fileID: 4300004, guid: c303909d08a2c47b2b801b0d5474014a, type: 3}
--- !u!4 &960317031
Transform:
  m_ObjectHideFlags: 0
  m_PrefabParentObject: {fileID: 400002, guid: e3f9169ad875c400aaa286dd9ceb48d4, type: 2}
  m_PrefabInternal: {fileID: 1352870523}
  m_GameObject: {fileID: 960317025}
  m_LocalRotation: {x: -.707106829, y: 0, z: -0, w: .707106829}
  m_LocalPosition: {x: 0, y: 0, z: 0}
  m_LocalScale: {x: 1, y: 1, z: 1}
  m_Children:
  - {fileID: 2009720400}
  m_Father: {fileID: 1486943981}
  m_RootOrder: 1
--- !u!1 &1080948394
GameObject:
  m_ObjectHideFlags: 0
  m_PrefabParentObject: {fileID: 100000, guid: ac9437f19ec3c4969869e404a06e67c1, type: 2}
  m_PrefabInternal: {fileID: 1679312594}
  serializedVersion: 4
  m_Component:
  - 4: {fileID: 1080948395}
  - 33: {fileID: 1080948398}
  - 23: {fileID: 1080948397}
  - 64: {fileID: 1080948396}
  m_Layer: 8
  m_Name: tile09_obstacle
  m_TagString: Untagged
  m_Icon: {fileID: 0}
  m_NavMeshLayer: 0
  m_StaticEditorFlags: 4294967295
  m_IsActive: 1
--- !u!4 &1080948395
Transform:
  m_ObjectHideFlags: 0
  m_PrefabParentObject: {fileID: 400000, guid: ac9437f19ec3c4969869e404a06e67c1, type: 2}
  m_PrefabInternal: {fileID: 1679312594}
  m_GameObject: {fileID: 1080948394}
  m_LocalRotation: {x: -.707106829, y: 0, z: -0, w: .707106829}
  m_LocalPosition: {x: 0, y: 0, z: 0}
  m_LocalScale: {x: 1, y: 1, z: 1}
  m_Children: []
  m_Father: {fileID: 1089184323}
  m_RootOrder: 2
--- !u!64 &1080948396
MeshCollider:
  m_ObjectHideFlags: 0
  m_PrefabParentObject: {fileID: 6400000, guid: ac9437f19ec3c4969869e404a06e67c1,
    type: 2}
  m_PrefabInternal: {fileID: 1679312594}
  m_GameObject: {fileID: 1080948394}
  m_Material: {fileID: 13400000, guid: 99e86ee0ad11f8d6d00011d98d76c639, type: 2}
  m_IsTrigger: 0
  m_Enabled: 1
  serializedVersion: 2
  m_Convex: 0
  m_Mesh: {fileID: 4300002, guid: e106782d93da443fa9780c4cf132f6b1, type: 3}
--- !u!23 &1080948397
MeshRenderer:
  m_ObjectHideFlags: 0
  m_PrefabParentObject: {fileID: 2300000, guid: ac9437f19ec3c4969869e404a06e67c1,
    type: 2}
  m_PrefabInternal: {fileID: 1679312594}
  m_GameObject: {fileID: 1080948394}
  m_Enabled: 1
  m_CastShadows: 1
  m_ReceiveShadows: 1
  m_Materials:
  - {fileID: 2100000, guid: cf02aba9bfd84444d8107e5f91af0621, type: 2}
  m_SubsetIndices: 
  m_StaticBatchRoot: {fileID: 0}
  m_UseLightProbes: 0
  m_ReflectionProbeUsage: 1
  m_ProbeAnchor: {fileID: 0}
  m_ScaleInLightmap: 1
  m_PreserveUVs: 0
  m_ImportantGI: 0
  m_AutoUVMaxDistance: .5
  m_AutoUVMaxAngle: 89
  m_LightmapParameters: {fileID: 0}
  m_SortingLayerID: 0
  m_SortingOrder: 0
--- !u!33 &1080948398
MeshFilter:
  m_ObjectHideFlags: 0
  m_PrefabParentObject: {fileID: 3300000, guid: ac9437f19ec3c4969869e404a06e67c1,
    type: 2}
  m_PrefabInternal: {fileID: 1679312594}
  m_GameObject: {fileID: 1080948394}
  m_Mesh: {fileID: 4300002, guid: e106782d93da443fa9780c4cf132f6b1, type: 3}
--- !u!1 &1089184322
GameObject:
  m_ObjectHideFlags: 0
  m_PrefabParentObject: {fileID: 100006, guid: ac9437f19ec3c4969869e404a06e67c1, type: 2}
  m_PrefabInternal: {fileID: 1679312594}
  serializedVersion: 4
  m_Component:
  - 4: {fileID: 1089184323}
  - 95: {fileID: 1089184324}
  m_Layer: 0
  m_Name: tile09
  m_TagString: Untagged
  m_Icon: {fileID: 0}
  m_NavMeshLayer: 0
  m_StaticEditorFlags: 4294967295
  m_IsActive: 1
--- !u!4 &1089184323
Transform:
  m_ObjectHideFlags: 0
  m_PrefabParentObject: {fileID: 400006, guid: ac9437f19ec3c4969869e404a06e67c1, type: 2}
  m_PrefabInternal: {fileID: 1679312594}
  m_GameObject: {fileID: 1089184322}
  m_LocalRotation: {x: 0, y: 0, z: 0, w: 1}
  m_LocalPosition: {x: 0, y: 0, z: 128}
  m_LocalScale: {x: .100000001, y: .100000001, z: .100000001}
  m_Children:
  - {fileID: 1352321217}
  - {fileID: 1980902104}
  - {fileID: 1080948395}
  m_Father: {fileID: 1751960821}
  m_RootOrder: 2
--- !u!95 &1089184324
Animator:
  serializedVersion: 3
  m_ObjectHideFlags: 0
  m_PrefabParentObject: {fileID: 9500000, guid: ac9437f19ec3c4969869e404a06e67c1,
    type: 2}
  m_PrefabInternal: {fileID: 1679312594}
  m_GameObject: {fileID: 1089184322}
  m_Enabled: 1
  m_Avatar: {fileID: 9000000, guid: e106782d93da443fa9780c4cf132f6b1, type: 3}
  m_Controller: {fileID: 0}
  m_CullingMode: 1
  m_UpdateMode: 0
  m_ApplyRootMotion: 1
  m_LinearVelocityBlending: 0
  m_WarningMessage: 
  m_HasTransformHierarchy: 1
  m_AllowConstantClipSamplingOptimization: 1
--- !u!1 &1208376585
GameObject:
  m_ObjectHideFlags: 0
  m_PrefabParentObject: {fileID: 0}
  m_PrefabInternal: {fileID: 0}
  serializedVersion: 4
  m_Component:
  - 4: {fileID: 1208376587}
  - 108: {fileID: 1208376586}
  m_Layer: 0
  m_Name: Directional light
  m_TagString: Untagged
  m_Icon: {fileID: 0}
  m_NavMeshLayer: 0
  m_StaticEditorFlags: 0
  m_IsActive: 1
--- !u!108 &1208376586
Light:
  m_ObjectHideFlags: 0
  m_PrefabParentObject: {fileID: 0}
  m_PrefabInternal: {fileID: 0}
  m_GameObject: {fileID: 1208376585}
  m_Enabled: 1
  serializedVersion: 6
  m_Type: 1
  m_Color: {r: 1, g: 1, b: 1, a: 1}
  m_Intensity: 1.34000003
  m_Range: 10
  m_SpotAngle: 30
  m_CookieSize: 10
  m_Shadows:
    m_Type: 1
    m_Resolution: -1
    m_Strength: 1
    m_Bias: 1.64999998
    m_NormalBias: .400000006
  m_Cookie: {fileID: 0}
  m_DrawHalo: 0
  m_Flare: {fileID: 0}
  m_RenderMode: 0
  m_CullingMask:
    serializedVersion: 2
    m_Bits: 4294967295
  m_Lightmapping: 1
  m_BounceIntensity: 1
  m_ShadowRadius: 0
  m_ShadowAngle: 0
  m_AreaSize: {x: 1, y: 1}
--- !u!4 &1208376587
Transform:
  m_ObjectHideFlags: 0
  m_PrefabParentObject: {fileID: 0}
  m_PrefabInternal: {fileID: 0}
  m_GameObject: {fileID: 1208376585}
  m_LocalRotation: {x: .185187981, y: -.814663172, z: .379883677, w: .397136927}
  m_LocalPosition: {x: 3.36170197e-05, y: 22.9604053, z: 5.6045351}
  m_LocalScale: {x: 1, y: 1, z: 1}
  m_Children: []
  m_Father: {fileID: 0}
  m_RootOrder: 0
--- !u!1 &1219009657
GameObject:
  m_ObjectHideFlags: 0
  m_PrefabParentObject: {fileID: 100002, guid: 93d63ee9864cb4d63a5ba1ecf3886b8b, type: 2}
  m_PrefabInternal: {fileID: 1259441328}
  serializedVersion: 4
  m_Component:
  - 4: {fileID: 1219009658}
  - 33: {fileID: 1219009661}
  - 23: {fileID: 1219009660}
  - 64: {fileID: 1219009659}
  m_Layer: 0
  m_Name: tile19_floor
  m_TagString: Untagged
  m_Icon: {fileID: 0}
  m_NavMeshLayer: 0
  m_StaticEditorFlags: 4294967295
  m_IsActive: 1
--- !u!4 &1219009658
Transform:
  m_ObjectHideFlags: 0
  m_PrefabParentObject: {fileID: 400002, guid: 93d63ee9864cb4d63a5ba1ecf3886b8b, type: 2}
  m_PrefabInternal: {fileID: 1259441328}
  m_GameObject: {fileID: 1219009657}
  m_LocalRotation: {x: -.707106829, y: 0, z: -0, w: .707106829}
  m_LocalPosition: {x: 0, y: 0, z: 0}
  m_LocalScale: {x: 1, y: 1, z: 1}
  m_Children: []
  m_Father: {fileID: 38184313}
  m_RootOrder: 0
--- !u!64 &1219009659
MeshCollider:
  m_ObjectHideFlags: 0
  m_PrefabParentObject: {fileID: 6400002, guid: 93d63ee9864cb4d63a5ba1ecf3886b8b,
    type: 2}
  m_PrefabInternal: {fileID: 1259441328}
  m_GameObject: {fileID: 1219009657}
  m_Material: {fileID: 13400000, guid: 5410a64fad11e8d6d00011d98d76c639, type: 2}
  m_IsTrigger: 0
  m_Enabled: 1
  serializedVersion: 2
  m_Convex: 0
  m_Mesh: {fileID: 4300002, guid: 13cb2e7e89bd84f0eb06b3386054f5e3, type: 3}
--- !u!23 &1219009660
MeshRenderer:
  m_ObjectHideFlags: 0
  m_PrefabParentObject: {fileID: 2300002, guid: 93d63ee9864cb4d63a5ba1ecf3886b8b,
    type: 2}
  m_PrefabInternal: {fileID: 1259441328}
  m_GameObject: {fileID: 1219009657}
  m_Enabled: 1
  m_CastShadows: 1
  m_ReceiveShadows: 1
  m_Materials:
  - {fileID: 2100000, guid: 5504b3f852abd4a9aba674539e4c876e, type: 2}
  m_SubsetIndices: 
  m_StaticBatchRoot: {fileID: 0}
  m_UseLightProbes: 0
  m_ReflectionProbeUsage: 1
  m_ProbeAnchor: {fileID: 0}
  m_ScaleInLightmap: 1
  m_PreserveUVs: 0
  m_ImportantGI: 0
  m_AutoUVMaxDistance: .5
  m_AutoUVMaxAngle: 89
  m_LightmapParameters: {fileID: 0}
  m_SortingLayerID: 0
  m_SortingOrder: 0
--- !u!33 &1219009661
MeshFilter:
  m_ObjectHideFlags: 0
  m_PrefabParentObject: {fileID: 3300002, guid: 93d63ee9864cb4d63a5ba1ecf3886b8b,
    type: 2}
  m_PrefabInternal: {fileID: 1259441328}
  m_GameObject: {fileID: 1219009657}
  m_Mesh: {fileID: 4300002, guid: 13cb2e7e89bd84f0eb06b3386054f5e3, type: 3}
--- !u!1 &1255204956
GameObject:
  m_ObjectHideFlags: 0
  m_PrefabParentObject: {fileID: 100028, guid: f8eb00a394ccb4c6997d3ed3c38c5d44, type: 2}
  m_PrefabInternal: {fileID: 0}
  serializedVersion: 4
  m_Component:
  - 4: {fileID: 1255204957}
  - 20: {fileID: 1255204958}
  - 92: {fileID: 1255204959}
  m_Layer: 0
  m_Name: Camera
  m_TagString: Untagged
  m_Icon: {fileID: 0}
  m_NavMeshLayer: 0
  m_StaticEditorFlags: 0
  m_IsActive: 1
--- !u!4 &1255204957
Transform:
  m_ObjectHideFlags: 0
  m_PrefabParentObject: {fileID: 400028, guid: f8eb00a394ccb4c6997d3ed3c38c5d44, type: 2}
  m_PrefabInternal: {fileID: 0}
  m_GameObject: {fileID: 1255204956}
  m_LocalRotation: {x: 2.38418579e-07, y: 0, z: 0, w: 1}
  m_LocalPosition: {x: 0, y: 0, z: 0}
  m_LocalScale: {x: 1, y: 1, z: 1}
  m_Children: []
  m_Father: {fileID: 2009321051}
  m_RootOrder: 0
--- !u!20 &1255204958
Camera:
  m_ObjectHideFlags: 0
  m_PrefabParentObject: {fileID: 2000002, guid: f8eb00a394ccb4c6997d3ed3c38c5d44,
    type: 2}
  m_PrefabInternal: {fileID: 0}
  m_GameObject: {fileID: 1255204956}
  m_Enabled: 1
  serializedVersion: 2
  m_ClearFlags: 3
  m_BackGroundColor: {r: 1, g: 1, b: .474509805, a: .0196078438}
  m_NormalizedViewPortRect:
    serializedVersion: 2
    x: 0
    y: 0
    width: 1
    height: 1
  near clip plane: .300000012
  far clip plane: 1000
  field of view: 65
  orthographic: 0
  orthographic size: 100
  m_Depth: 1
  m_CullingMask:
    serializedVersion: 2
    m_Bits: 512
  m_RenderingPath: -1
  m_TargetTexture: {fileID: 0}
  m_TargetDisplay: 0
  m_TargetEye: 3
  m_HDR: 0
  m_OcclusionCulling: 1
  m_StereoConvergence: 10
  m_StereoSeparation: .0219999999
  m_StereoMirrorMode: 0
--- !u!92 &1255204959
Behaviour:
  m_ObjectHideFlags: 0
  m_PrefabParentObject: {fileID: 9200002, guid: f8eb00a394ccb4c6997d3ed3c38c5d44,
    type: 2}
  m_PrefabInternal: {fileID: 0}
  m_GameObject: {fileID: 1255204956}
  m_Enabled: 1
--- !u!1001 &1259441328
Prefab:
  m_ObjectHideFlags: 0
  serializedVersion: 2
  m_Modification:
    m_TransformParent: {fileID: 1751960821}
    m_Modifications:
    - target: {fileID: 400004, guid: 93d63ee9864cb4d63a5ba1ecf3886b8b, type: 2}
      propertyPath: m_LocalPosition.x
      value: 0
      objectReference: {fileID: 0}
    - target: {fileID: 400004, guid: 93d63ee9864cb4d63a5ba1ecf3886b8b, type: 2}
      propertyPath: m_LocalPosition.y
      value: -.536130011
      objectReference: {fileID: 0}
    - target: {fileID: 400004, guid: 93d63ee9864cb4d63a5ba1ecf3886b8b, type: 2}
      propertyPath: m_LocalPosition.z
      value: 372.507385
      objectReference: {fileID: 0}
    - target: {fileID: 400004, guid: 93d63ee9864cb4d63a5ba1ecf3886b8b, type: 2}
      propertyPath: m_LocalRotation.x
      value: 0
      objectReference: {fileID: 0}
    - target: {fileID: 400004, guid: 93d63ee9864cb4d63a5ba1ecf3886b8b, type: 2}
      propertyPath: m_LocalRotation.y
      value: 0
      objectReference: {fileID: 0}
    - target: {fileID: 400004, guid: 93d63ee9864cb4d63a5ba1ecf3886b8b, type: 2}
      propertyPath: m_LocalRotation.z
      value: 0
      objectReference: {fileID: 0}
    - target: {fileID: 400004, guid: 93d63ee9864cb4d63a5ba1ecf3886b8b, type: 2}
      propertyPath: m_LocalRotation.w
      value: 1
      objectReference: {fileID: 0}
    - target: {fileID: 400004, guid: 93d63ee9864cb4d63a5ba1ecf3886b8b, type: 2}
      propertyPath: m_LocalScale.x
      value: 1.00336003
      objectReference: {fileID: 0}
    - target: {fileID: 400004, guid: 93d63ee9864cb4d63a5ba1ecf3886b8b, type: 2}
      propertyPath: m_LocalScale.y
      value: 1.00336003
      objectReference: {fileID: 0}
    - target: {fileID: 400004, guid: 93d63ee9864cb4d63a5ba1ecf3886b8b, type: 2}
      propertyPath: m_LocalScale.z
      value: 1.00336003
      objectReference: {fileID: 0}
    - target: {fileID: 400004, guid: 93d63ee9864cb4d63a5ba1ecf3886b8b, type: 2}
      propertyPath: m_RootOrder
      value: 3
      objectReference: {fileID: 0}
    m_RemovedComponents: []
  m_ParentPrefab: {fileID: 100100000, guid: 93d63ee9864cb4d63a5ba1ecf3886b8b, type: 2}
  m_RootGameObject: {fileID: 38184312}
  m_IsPrefabParent: 0
--- !u!1001 &1280793719
Prefab:
  m_ObjectHideFlags: 0
  serializedVersion: 2
  m_Modification:
    m_TransformParent: {fileID: 0}
    m_Modifications:
    - target: {fileID: 400000, guid: a79e296ec47e9f944a31ce45b2a19af1, type: 2}
      propertyPath: m_LocalPosition.x
      value: 4.70539093
      objectReference: {fileID: 0}
    - target: {fileID: 400000, guid: a79e296ec47e9f944a31ce45b2a19af1, type: 2}
      propertyPath: m_LocalPosition.y
      value: 2.52841425
      objectReference: {fileID: 0}
    - target: {fileID: 400000, guid: a79e296ec47e9f944a31ce45b2a19af1, type: 2}
      propertyPath: m_LocalPosition.z
      value: 33.5852013
      objectReference: {fileID: 0}
    - target: {fileID: 400000, guid: a79e296ec47e9f944a31ce45b2a19af1, type: 2}
      propertyPath: m_LocalRotation.x
      value: .0139532676
      objectReference: {fileID: 0}
    - target: {fileID: 400000, guid: a79e296ec47e9f944a31ce45b2a19af1, type: 2}
      propertyPath: m_LocalRotation.y
      value: .734984279
      objectReference: {fileID: 0}
    - target: {fileID: 400000, guid: a79e296ec47e9f944a31ce45b2a19af1, type: 2}
      propertyPath: m_LocalRotation.z
      value: .677939057
      objectReference: {fileID: 0}
    - target: {fileID: 400000, guid: a79e296ec47e9f944a31ce45b2a19af1, type: 2}
      propertyPath: m_LocalRotation.w
      value: .00141718495
      objectReference: {fileID: 0}
    - target: {fileID: 400000, guid: a79e296ec47e9f944a31ce45b2a19af1, type: 2}
      propertyPath: m_RootMapOrder
      value: 
      objectReference: {fileID: 0}
    - target: {fileID: 400000, guid: a79e296ec47e9f944a31ce45b2a19af1, type: 2}
      propertyPath: m_RootOrder
      value: 7
      objectReference: {fileID: 0}
    - target: {fileID: 400000, guid: a79e296ec47e9f944a31ce45b2a19af1, type: 2}
      propertyPath: m_LocalScale.x
      value: 1.09999967
      objectReference: {fileID: 0}
    - target: {fileID: 400000, guid: a79e296ec47e9f944a31ce45b2a19af1, type: 2}
      propertyPath: m_LocalScale.z
      value: 1.10000002
      objectReference: {fileID: 0}
    m_RemovedComponents: []
  m_ParentPrefab: {fileID: 100100000, guid: a79e296ec47e9f944a31ce45b2a19af1, type: 2}
  m_RootGameObject: {fileID: 1361967268}
  m_IsPrefabParent: 0
--- !u!1 &1352321216
GameObject:
  m_ObjectHideFlags: 0
  m_PrefabParentObject: {fileID: 100004, guid: ac9437f19ec3c4969869e404a06e67c1, type: 2}
  m_PrefabInternal: {fileID: 1679312594}
  serializedVersion: 4
  m_Component:
  - 4: {fileID: 1352321217}
  - 33: {fileID: 1352321219}
  - 23: {fileID: 1352321218}
  - 64: {fileID: 1352321220}
  m_Layer: 8
  m_Name: Object60
  m_TagString: Untagged
  m_Icon: {fileID: 0}
  m_NavMeshLayer: 0
  m_StaticEditorFlags: 4294967295
  m_IsActive: 1
--- !u!4 &1352321217
Transform:
  m_ObjectHideFlags: 0
  m_PrefabParentObject: {fileID: 400004, guid: ac9437f19ec3c4969869e404a06e67c1, type: 2}
  m_PrefabInternal: {fileID: 1679312594}
  m_GameObject: {fileID: 1352321216}
  m_LocalRotation: {x: -.707106829, y: 0, z: -0, w: .707106829}
  m_LocalPosition: {x: 0, y: 0, z: 0}
  m_LocalScale: {x: 1, y: 1, z: 1}
  m_Children: []
  m_Father: {fileID: 1089184323}
  m_RootOrder: 0
--- !u!23 &1352321218
MeshRenderer:
  m_ObjectHideFlags: 0
  m_PrefabParentObject: {fileID: 2300004, guid: ac9437f19ec3c4969869e404a06e67c1,
    type: 2}
  m_PrefabInternal: {fileID: 1679312594}
  m_GameObject: {fileID: 1352321216}
  m_Enabled: 1
  m_CastShadows: 1
  m_ReceiveShadows: 1
  m_Materials:
  - {fileID: 2100000, guid: cf02aba9bfd84444d8107e5f91af0621, type: 2}
  - {fileID: 2100000, guid: 64aaaeb38d9a54fcd81e503183cfb074, type: 2}
  m_SubsetIndices: 
  m_StaticBatchRoot: {fileID: 0}
  m_UseLightProbes: 0
  m_ReflectionProbeUsage: 1
  m_ProbeAnchor: {fileID: 0}
  m_ScaleInLightmap: 1
  m_PreserveUVs: 0
  m_ImportantGI: 0
  m_AutoUVMaxDistance: .5
  m_AutoUVMaxAngle: 89
  m_LightmapParameters: {fileID: 0}
  m_SortingLayerID: 0
  m_SortingOrder: 0
--- !u!33 &1352321219
MeshFilter:
  m_ObjectHideFlags: 0
  m_PrefabParentObject: {fileID: 3300004, guid: ac9437f19ec3c4969869e404a06e67c1,
    type: 2}
  m_PrefabInternal: {fileID: 1679312594}
  m_GameObject: {fileID: 1352321216}
  m_Mesh: {fileID: 4300000, guid: e106782d93da443fa9780c4cf132f6b1, type: 3}
--- !u!64 &1352321220
MeshCollider:
  m_ObjectHideFlags: 0
  m_PrefabParentObject: {fileID: 6400004, guid: ac9437f19ec3c4969869e404a06e67c1,
    type: 2}
  m_PrefabInternal: {fileID: 1679312594}
  m_GameObject: {fileID: 1352321216}
  m_Material: {fileID: 13400000, guid: 99e86ee0ad11f8d6d00011d98d76c639, type: 2}
  m_IsTrigger: 0
  m_Enabled: 1
  serializedVersion: 2
  m_Convex: 0
  m_Mesh: {fileID: 4300000, guid: e106782d93da443fa9780c4cf132f6b1, type: 3}
--- !u!1001 &1352870523
Prefab:
  m_ObjectHideFlags: 0
  serializedVersion: 2
  m_Modification:
    m_TransformParent: {fileID: 1751960821}
    m_Modifications:
    - target: {fileID: 400006, guid: e3f9169ad875c400aaa286dd9ceb48d4, type: 2}
      propertyPath: m_LocalPosition.x
      value: 0
      objectReference: {fileID: 0}
    - target: {fileID: 400006, guid: e3f9169ad875c400aaa286dd9ceb48d4, type: 2}
      propertyPath: m_LocalPosition.y
      value: 1.33514404e-05
      objectReference: {fileID: 0}
    - target: {fileID: 400006, guid: e3f9169ad875c400aaa286dd9ceb48d4, type: 2}
      propertyPath: m_LocalPosition.z
      value: 0
      objectReference: {fileID: 0}
    - target: {fileID: 400006, guid: e3f9169ad875c400aaa286dd9ceb48d4, type: 2}
      propertyPath: m_LocalRotation.x
      value: 0
      objectReference: {fileID: 0}
    - target: {fileID: 400006, guid: e3f9169ad875c400aaa286dd9ceb48d4, type: 2}
      propertyPath: m_LocalRotation.y
      value: 0
      objectReference: {fileID: 0}
    - target: {fileID: 400006, guid: e3f9169ad875c400aaa286dd9ceb48d4, type: 2}
      propertyPath: m_LocalRotation.z
      value: 0
      objectReference: {fileID: 0}
    - target: {fileID: 400006, guid: e3f9169ad875c400aaa286dd9ceb48d4, type: 2}
      propertyPath: m_LocalRotation.w
      value: 1
      objectReference: {fileID: 0}
    - target: {fileID: 100008, guid: e3f9169ad875c400aaa286dd9ceb48d4, type: 2}
      propertyPath: m_StaticEditorFlags
      value: 4294967295
      objectReference: {fileID: 0}
    - target: {fileID: 100000, guid: e3f9169ad875c400aaa286dd9ceb48d4, type: 2}
      propertyPath: m_StaticEditorFlags
      value: 4294967295
      objectReference: {fileID: 0}
    - target: {fileID: 100002, guid: e3f9169ad875c400aaa286dd9ceb48d4, type: 2}
      propertyPath: m_StaticEditorFlags
      value: 4294967295
      objectReference: {fileID: 0}
    - target: {fileID: 100004, guid: e3f9169ad875c400aaa286dd9ceb48d4, type: 2}
      propertyPath: m_StaticEditorFlags
      value: 4294967295
      objectReference: {fileID: 0}
    - target: {fileID: 100006, guid: e3f9169ad875c400aaa286dd9ceb48d4, type: 2}
      propertyPath: m_StaticEditorFlags
      value: 4294967295
      objectReference: {fileID: 0}
    - target: {fileID: 2300000, guid: e3f9169ad875c400aaa286dd9ceb48d4, type: 2}
      propertyPath: m_LightmapIndex
      value: 255
      objectReference: {fileID: 0}
    - target: {fileID: 2300000, guid: e3f9169ad875c400aaa286dd9ceb48d4, type: 2}
      propertyPath: m_LightmapTilingOffset.x
      value: 1
      objectReference: {fileID: 0}
    - target: {fileID: 2300000, guid: e3f9169ad875c400aaa286dd9ceb48d4, type: 2}
      propertyPath: m_LightmapTilingOffset.y
      value: 1
      objectReference: {fileID: 0}
    - target: {fileID: 2300002, guid: e3f9169ad875c400aaa286dd9ceb48d4, type: 2}
      propertyPath: m_LightmapIndex
      value: 255
      objectReference: {fileID: 0}
    - target: {fileID: 2300002, guid: e3f9169ad875c400aaa286dd9ceb48d4, type: 2}
      propertyPath: m_LightmapTilingOffset.x
      value: 1
      objectReference: {fileID: 0}
    - target: {fileID: 2300002, guid: e3f9169ad875c400aaa286dd9ceb48d4, type: 2}
      propertyPath: m_LightmapTilingOffset.y
      value: 1
      objectReference: {fileID: 0}
    - target: {fileID: 2300002, guid: e3f9169ad875c400aaa286dd9ceb48d4, type: 2}
      propertyPath: m_LightmapTilingOffset.z
      value: 0
      objectReference: {fileID: 0}
    - target: {fileID: 2300002, guid: e3f9169ad875c400aaa286dd9ceb48d4, type: 2}
      propertyPath: m_LightmapTilingOffset.w
      value: 0
      objectReference: {fileID: 0}
    - target: {fileID: 2300004, guid: e3f9169ad875c400aaa286dd9ceb48d4, type: 2}
      propertyPath: m_LightmapIndex
      value: 255
      objectReference: {fileID: 0}
    - target: {fileID: 2300004, guid: e3f9169ad875c400aaa286dd9ceb48d4, type: 2}
      propertyPath: m_LightmapTilingOffset.x
      value: 1
      objectReference: {fileID: 0}
    - target: {fileID: 2300004, guid: e3f9169ad875c400aaa286dd9ceb48d4, type: 2}
      propertyPath: m_LightmapTilingOffset.y
      value: 1
      objectReference: {fileID: 0}
    - target: {fileID: 2300004, guid: e3f9169ad875c400aaa286dd9ceb48d4, type: 2}
      propertyPath: m_LightmapTilingOffset.z
      value: 0
      objectReference: {fileID: 0}
    - target: {fileID: 2300004, guid: e3f9169ad875c400aaa286dd9ceb48d4, type: 2}
      propertyPath: m_LightmapTilingOffset.w
      value: 0
      objectReference: {fileID: 0}
    - target: {fileID: 6500000, guid: e3f9169ad875c400aaa286dd9ceb48d4, type: 2}
      propertyPath: m_IsTrigger
      value: 1
      objectReference: {fileID: 0}
    m_RemovedComponents: []
  m_ParentPrefab: {fileID: 100100000, guid: e3f9169ad875c400aaa286dd9ceb48d4, type: 2}
  m_RootGameObject: {fileID: 1486943980}
  m_IsPrefabParent: 0
--- !u!1 &1361967268
GameObject:
  m_ObjectHideFlags: 0
  m_PrefabParentObject: {fileID: 100000, guid: a79e296ec47e9f944a31ce45b2a19af1, type: 2}
  m_PrefabInternal: {fileID: 1280793719}
  serializedVersion: 4
  m_Component:
  - 4: {fileID: 1361967272}
  - 33: {fileID: 1361967271}
  - 23: {fileID: 1361967270}
  - 65: {fileID: 1361967269}
  m_Layer: 0
  m_Name: Shed1B
  m_TagString: Untagged
  m_Icon: {fileID: 0}
  m_NavMeshLayer: 0
  m_StaticEditorFlags: 4294967295
  m_IsActive: 1
--- !u!65 &1361967269
BoxCollider:
  m_ObjectHideFlags: 0
  m_PrefabParentObject: {fileID: 0}
  m_PrefabInternal: {fileID: 0}
  m_GameObject: {fileID: 1361967268}
  m_Material: {fileID: 0}
  m_IsTrigger: 0
  m_Enabled: 1
  serializedVersion: 2
  m_Size: {x: 3.90095139, y: .3003923, z: 2.18140221}
  m_Center: {x: 6.01505832e-08, y: .1444197, z: .583355069}
--- !u!23 &1361967270
MeshRenderer:
  m_ObjectHideFlags: 0
  m_PrefabParentObject: {fileID: 2300000, guid: a79e296ec47e9f944a31ce45b2a19af1,
    type: 2}
  m_PrefabInternal: {fileID: 1280793719}
  m_GameObject: {fileID: 1361967268}
  m_Enabled: 1
  m_CastShadows: 1
  m_ReceiveShadows: 1
  m_Materials:
  - {fileID: 2100000, guid: d3d89812d35745a48be74cc74aea4ef0, type: 2}
  m_SubsetIndices: 
  m_StaticBatchRoot: {fileID: 0}
  m_UseLightProbes: 0
  m_ReflectionProbeUsage: 1
  m_ProbeAnchor: {fileID: 0}
  m_ScaleInLightmap: 1
  m_PreserveUVs: 0
  m_ImportantGI: 0
  m_AutoUVMaxDistance: .5
  m_AutoUVMaxAngle: 89
  m_LightmapParameters: {fileID: 0}
  m_SortingLayerID: 0
  m_SortingOrder: 0
--- !u!33 &1361967271
MeshFilter:
  m_ObjectHideFlags: 0
  m_PrefabParentObject: {fileID: 3300000, guid: a79e296ec47e9f944a31ce45b2a19af1,
    type: 2}
  m_PrefabInternal: {fileID: 1280793719}
  m_GameObject: {fileID: 1361967268}
  m_Mesh: {fileID: 4300000, guid: cf9d3d194c8856a4d81e406c6f96d781, type: 3}
--- !u!4 &1361967272
Transform:
  m_ObjectHideFlags: 0
  m_PrefabParentObject: {fileID: 400000, guid: a79e296ec47e9f944a31ce45b2a19af1, type: 2}
  m_PrefabInternal: {fileID: 1280793719}
  m_GameObject: {fileID: 1361967268}
  m_LocalRotation: {x: .0139532676, y: .734984279, z: .677939057, w: .00141718495}
  m_LocalPosition: {x: 4.70539093, y: 2.52841425, z: 33.5852013}
  m_LocalScale: {x: 1.09999967, y: 1, z: 1.10000002}
  m_Children: []
  m_Father: {fileID: 0}
  m_RootOrder: 7
--- !u!1 &1375658235
GameObject:
  m_ObjectHideFlags: 0
  m_PrefabParentObject: {fileID: 100004, guid: e3f9169ad875c400aaa286dd9ceb48d4, type: 2}
  m_PrefabInternal: {fileID: 1352870523}
  serializedVersion: 4
  m_Component:
  - 4: {fileID: 1375658236}
  - 33: {fileID: 1375658239}
  - 23: {fileID: 1375658238}
  - 64: {fileID: 1375658237}
  m_Layer: 0
  m_Name: tile01_floor
  m_TagString: Untagged
  m_Icon: {fileID: 0}
  m_NavMeshLayer: 0
  m_StaticEditorFlags: 4294967295
  m_IsActive: 1
--- !u!4 &1375658236
Transform:
  m_ObjectHideFlags: 0
  m_PrefabParentObject: {fileID: 400004, guid: e3f9169ad875c400aaa286dd9ceb48d4, type: 2}
  m_PrefabInternal: {fileID: 1352870523}
  m_GameObject: {fileID: 1375658235}
  m_LocalRotation: {x: -.707106829, y: 0, z: -0, w: .707106829}
  m_LocalPosition: {x: 0, y: 0, z: 0}
  m_LocalScale: {x: 1, y: 1, z: 1}
  m_Children: []
  m_Father: {fileID: 1486943981}
  m_RootOrder: 0
--- !u!64 &1375658237
MeshCollider:
  m_ObjectHideFlags: 0
  m_PrefabParentObject: {fileID: 6400004, guid: e3f9169ad875c400aaa286dd9ceb48d4,
    type: 2}
  m_PrefabInternal: {fileID: 1352870523}
  m_GameObject: {fileID: 1375658235}
  m_Material: {fileID: 13400000, guid: 5410a64fad11e8d6d00011d98d76c639, type: 2}
  m_IsTrigger: 0
  m_Enabled: 1
  serializedVersion: 2
  m_Convex: 0
  m_Mesh: {fileID: 4300002, guid: c303909d08a2c47b2b801b0d5474014a, type: 3}
--- !u!23 &1375658238
MeshRenderer:
  m_ObjectHideFlags: 0
  m_PrefabParentObject: {fileID: 2300004, guid: e3f9169ad875c400aaa286dd9ceb48d4,
    type: 2}
  m_PrefabInternal: {fileID: 1352870523}
  m_GameObject: {fileID: 1375658235}
  m_Enabled: 1
  m_CastShadows: 1
  m_ReceiveShadows: 1
  m_Materials:
  - {fileID: 2100000, guid: 5504b3f852abd4a9aba674539e4c876e, type: 2}
  m_SubsetIndices: 
  m_StaticBatchRoot: {fileID: 0}
  m_UseLightProbes: 0
  m_ReflectionProbeUsage: 1
  m_ProbeAnchor: {fileID: 0}
  m_ScaleInLightmap: 1
  m_PreserveUVs: 0
  m_ImportantGI: 0
  m_AutoUVMaxDistance: .5
  m_AutoUVMaxAngle: 89
  m_LightmapParameters: {fileID: 0}
  m_SortingLayerID: 0
  m_SortingOrder: 0
--- !u!33 &1375658239
MeshFilter:
  m_ObjectHideFlags: 0
  m_PrefabParentObject: {fileID: 3300004, guid: e3f9169ad875c400aaa286dd9ceb48d4,
    type: 2}
  m_PrefabInternal: {fileID: 1352870523}
  m_GameObject: {fileID: 1375658235}
  m_Mesh: {fileID: 4300002, guid: c303909d08a2c47b2b801b0d5474014a, type: 3}
--- !u!1 &1390075107
GameObject:
  m_ObjectHideFlags: 0
  m_PrefabParentObject: {fileID: 100000, guid: 93d63ee9864cb4d63a5ba1ecf3886b8b, type: 2}
  m_PrefabInternal: {fileID: 1259441328}
  serializedVersion: 4
  m_Component:
  - 4: {fileID: 1390075111}
  - 33: {fileID: 1390075110}
  - 23: {fileID: 1390075109}
  - 64: {fileID: 1390075108}
  m_Layer: 8
  m_Name: tile19_walls
  m_TagString: Untagged
  m_Icon: {fileID: 0}
  m_NavMeshLayer: 0
  m_StaticEditorFlags: 4294967295
  m_IsActive: 1
--- !u!64 &1390075108
MeshCollider:
  m_ObjectHideFlags: 0
  m_PrefabParentObject: {fileID: 6400000, guid: 93d63ee9864cb4d63a5ba1ecf3886b8b,
    type: 2}
  m_PrefabInternal: {fileID: 1259441328}
  m_GameObject: {fileID: 1390075107}
  m_Material: {fileID: 13400000, guid: 99e86ee0ad11f8d6d00011d98d76c639, type: 2}
  m_IsTrigger: 0
  m_Enabled: 1
  serializedVersion: 2
  m_Convex: 0
  m_Mesh: {fileID: 4300000, guid: 13cb2e7e89bd84f0eb06b3386054f5e3, type: 3}
--- !u!23 &1390075109
MeshRenderer:
  m_ObjectHideFlags: 0
  m_PrefabParentObject: {fileID: 2300000, guid: 93d63ee9864cb4d63a5ba1ecf3886b8b,
    type: 2}
  m_PrefabInternal: {fileID: 1259441328}
  m_GameObject: {fileID: 1390075107}
  m_Enabled: 1
  m_CastShadows: 1
  m_ReceiveShadows: 1
  m_Materials:
  - {fileID: 2100000, guid: cf02aba9bfd84444d8107e5f91af0621, type: 2}
  - {fileID: 2100000, guid: 64aaaeb38d9a54fcd81e503183cfb074, type: 2}
  m_SubsetIndices: 
  m_StaticBatchRoot: {fileID: 0}
  m_UseLightProbes: 0
  m_ReflectionProbeUsage: 1
  m_ProbeAnchor: {fileID: 0}
  m_ScaleInLightmap: 1
  m_PreserveUVs: 0
  m_ImportantGI: 0
  m_AutoUVMaxDistance: .5
  m_AutoUVMaxAngle: 89
  m_LightmapParameters: {fileID: 0}
  m_SortingLayerID: 0
  m_SortingOrder: 0
--- !u!33 &1390075110
MeshFilter:
  m_ObjectHideFlags: 0
  m_PrefabParentObject: {fileID: 3300000, guid: 93d63ee9864cb4d63a5ba1ecf3886b8b,
    type: 2}
  m_PrefabInternal: {fileID: 1259441328}
  m_GameObject: {fileID: 1390075107}
  m_Mesh: {fileID: 4300000, guid: 13cb2e7e89bd84f0eb06b3386054f5e3, type: 3}
--- !u!4 &1390075111
Transform:
  m_ObjectHideFlags: 0
  m_PrefabParentObject: {fileID: 400000, guid: 93d63ee9864cb4d63a5ba1ecf3886b8b, type: 2}
  m_PrefabInternal: {fileID: 1259441328}
  m_GameObject: {fileID: 1390075107}
  m_LocalRotation: {x: -.707106829, y: 0, z: -0, w: .707106829}
  m_LocalPosition: {x: 0, y: 0, z: 0}
  m_LocalScale: {x: 1, y: 1, z: 1}
  m_Children: []
  m_Father: {fileID: 38184313}
  m_RootOrder: 1
--- !u!1 &1399200678
GameObject:
  m_ObjectHideFlags: 0
  m_PrefabParentObject: {fileID: 100000, guid: e3f9169ad875c400aaa286dd9ceb48d4, type: 2}
  m_PrefabInternal: {fileID: 1352870523}
  serializedVersion: 4
  m_Component:
  - 4: {fileID: 1399200679}
  - 33: {fileID: 1399200682}
  - 23: {fileID: 1399200681}
  - 64: {fileID: 1399200680}
  m_Layer: 8
  m_Name: tile01_walls
  m_TagString: Untagged
  m_Icon: {fileID: 0}
  m_NavMeshLayer: 0
  m_StaticEditorFlags: 4294967295
  m_IsActive: 1
--- !u!4 &1399200679
Transform:
  m_ObjectHideFlags: 0
  m_PrefabParentObject: {fileID: 400000, guid: e3f9169ad875c400aaa286dd9ceb48d4, type: 2}
  m_PrefabInternal: {fileID: 1352870523}
  m_GameObject: {fileID: 1399200678}
  m_LocalRotation: {x: -.707106829, y: 0, z: -0, w: .707106829}
  m_LocalPosition: {x: 0, y: 0, z: 0}
  m_LocalScale: {x: 1, y: 1, z: 1}
  m_Children: []
  m_Father: {fileID: 1486943981}
  m_RootOrder: 2
--- !u!64 &1399200680
MeshCollider:
  m_ObjectHideFlags: 0
  m_PrefabParentObject: {fileID: 6400000, guid: e3f9169ad875c400aaa286dd9ceb48d4,
    type: 2}
  m_PrefabInternal: {fileID: 1352870523}
  m_GameObject: {fileID: 1399200678}
  m_Material: {fileID: 13400000, guid: 99e86ee0ad11f8d6d00011d98d76c639, type: 2}
  m_IsTrigger: 0
  m_Enabled: 1
  serializedVersion: 2
  m_Convex: 0
  m_Mesh: {fileID: 4300000, guid: c303909d08a2c47b2b801b0d5474014a, type: 3}
--- !u!23 &1399200681
MeshRenderer:
  m_ObjectHideFlags: 0
  m_PrefabParentObject: {fileID: 2300000, guid: e3f9169ad875c400aaa286dd9ceb48d4,
    type: 2}
  m_PrefabInternal: {fileID: 1352870523}
  m_GameObject: {fileID: 1399200678}
  m_Enabled: 1
  m_CastShadows: 1
  m_ReceiveShadows: 1
  m_Materials:
  - {fileID: 2100000, guid: 64aaaeb38d9a54fcd81e503183cfb074, type: 2}
  - {fileID: 2100000, guid: cf02aba9bfd84444d8107e5f91af0621, type: 2}
  m_SubsetIndices: 
  m_StaticBatchRoot: {fileID: 0}
  m_UseLightProbes: 0
  m_ReflectionProbeUsage: 1
  m_ProbeAnchor: {fileID: 0}
  m_ScaleInLightmap: 1
  m_PreserveUVs: 0
  m_ImportantGI: 0
  m_AutoUVMaxDistance: .5
  m_AutoUVMaxAngle: 89
  m_LightmapParameters: {fileID: 0}
  m_SortingLayerID: 0
  m_SortingOrder: 0
--- !u!33 &1399200682
MeshFilter:
  m_ObjectHideFlags: 0
  m_PrefabParentObject: {fileID: 3300000, guid: e3f9169ad875c400aaa286dd9ceb48d4,
    type: 2}
  m_PrefabInternal: {fileID: 1352870523}
  m_GameObject: {fileID: 1399200678}
  m_Mesh: {fileID: 4300000, guid: c303909d08a2c47b2b801b0d5474014a, type: 3}
--- !u!1 &1486943980
GameObject:
  m_ObjectHideFlags: 0
  m_PrefabParentObject: {fileID: 100006, guid: e3f9169ad875c400aaa286dd9ceb48d4, type: 2}
  m_PrefabInternal: {fileID: 1352870523}
  serializedVersion: 4
  m_Component:
  - 4: {fileID: 1486943981}
  - 95: {fileID: 1486943982}
  m_Layer: 0
  m_Name: tile01
  m_TagString: Untagged
  m_Icon: {fileID: 0}
  m_NavMeshLayer: 0
  m_StaticEditorFlags: 4294967295
  m_IsActive: 1
--- !u!4 &1486943981
Transform:
  m_ObjectHideFlags: 0
  m_PrefabParentObject: {fileID: 400006, guid: e3f9169ad875c400aaa286dd9ceb48d4, type: 2}
  m_PrefabInternal: {fileID: 1352870523}
  m_GameObject: {fileID: 1486943980}
  m_LocalRotation: {x: 0, y: 0, z: 0, w: 1}
  m_LocalPosition: {x: 0, y: 1.33514404e-05, z: 0}
  m_LocalScale: {x: .100000001, y: .100000001, z: .100000001}
  m_Children:
  - {fileID: 1375658236}
  - {fileID: 960317031}
  - {fileID: 1399200679}
  m_Father: {fileID: 1751960821}
  m_RootOrder: 1
--- !u!95 &1486943982
Animator:
  serializedVersion: 3
  m_ObjectHideFlags: 0
  m_PrefabParentObject: {fileID: 9500000, guid: e3f9169ad875c400aaa286dd9ceb48d4,
    type: 2}
  m_PrefabInternal: {fileID: 1352870523}
  m_GameObject: {fileID: 1486943980}
  m_Enabled: 1
  m_Avatar: {fileID: 9000000, guid: c303909d08a2c47b2b801b0d5474014a, type: 3}
  m_Controller: {fileID: 0}
  m_CullingMode: 1
  m_UpdateMode: 0
  m_ApplyRootMotion: 1
  m_LinearVelocityBlending: 0
  m_WarningMessage: 
  m_HasTransformHierarchy: 1
  m_AllowConstantClipSamplingOptimization: 1
--- !u!1 &1549772900
GameObject:
  m_ObjectHideFlags: 0
  m_PrefabParentObject: {fileID: 100000, guid: a79e296ec47e9f944a31ce45b2a19af1, type: 2}
  m_PrefabInternal: {fileID: 1872518255}
  serializedVersion: 4
  m_Component:
  - 4: {fileID: 1549772904}
  - 33: {fileID: 1549772903}
  - 23: {fileID: 1549772902}
  - 65: {fileID: 1549772901}
  m_Layer: 0
  m_Name: Shed1B
  m_TagString: Untagged
  m_Icon: {fileID: 0}
  m_NavMeshLayer: 0
  m_StaticEditorFlags: 4294967295
  m_IsActive: 1
--- !u!65 &1549772901
BoxCollider:
  m_ObjectHideFlags: 0
  m_PrefabParentObject: {fileID: 0}
  m_PrefabInternal: {fileID: 0}
  m_GameObject: {fileID: 1549772900}
  m_Material: {fileID: 0}
  m_IsTrigger: 0
  m_Enabled: 1
  serializedVersion: 2
  m_Size: {x: 3.90095139, y: .3003923, z: 2.18140221}
  m_Center: {x: 6.01505832e-08, y: .1444197, z: .583355069}
--- !u!23 &1549772902
MeshRenderer:
  m_ObjectHideFlags: 0
  m_PrefabParentObject: {fileID: 2300000, guid: a79e296ec47e9f944a31ce45b2a19af1,
    type: 2}
  m_PrefabInternal: {fileID: 1872518255}
  m_GameObject: {fileID: 1549772900}
  m_Enabled: 1
  m_CastShadows: 1
  m_ReceiveShadows: 1
  m_Materials:
  - {fileID: 2100000, guid: d3d89812d35745a48be74cc74aea4ef0, type: 2}
  m_SubsetIndices: 
  m_StaticBatchRoot: {fileID: 0}
  m_UseLightProbes: 0
  m_ReflectionProbeUsage: 1
  m_ProbeAnchor: {fileID: 0}
  m_ScaleInLightmap: 1
  m_PreserveUVs: 0
  m_ImportantGI: 0
  m_AutoUVMaxDistance: .5
  m_AutoUVMaxAngle: 89
  m_LightmapParameters: {fileID: 0}
  m_SortingLayerID: 0
  m_SortingOrder: 0
--- !u!33 &1549772903
MeshFilter:
  m_ObjectHideFlags: 0
  m_PrefabParentObject: {fileID: 3300000, guid: a79e296ec47e9f944a31ce45b2a19af1,
    type: 2}
  m_PrefabInternal: {fileID: 1872518255}
  m_GameObject: {fileID: 1549772900}
  m_Mesh: {fileID: 4300000, guid: cf9d3d194c8856a4d81e406c6f96d781, type: 3}
--- !u!4 &1549772904
Transform:
  m_ObjectHideFlags: 0
  m_PrefabParentObject: {fileID: 400000, guid: a79e296ec47e9f944a31ce45b2a19af1, type: 2}
  m_PrefabInternal: {fileID: 1872518255}
  m_GameObject: {fileID: 1549772900}
  m_LocalRotation: {x: .0139532676, y: .734984279, z: .677939057, w: .00141718495}
  m_LocalPosition: {x: -3.97780633, y: 2.72327662, z: 33.7314491}
  m_LocalScale: {x: 1.09999979, y: 1, z: 1.10000002}
  m_Children: []
  m_Father: {fileID: 0}
  m_RootOrder: 6
--- !u!1001 &1679312594
Prefab:
  m_ObjectHideFlags: 0
  serializedVersion: 2
  m_Modification:
    m_TransformParent: {fileID: 1751960821}
    m_Modifications:
    - target: {fileID: 400006, guid: ac9437f19ec3c4969869e404a06e67c1, type: 2}
      propertyPath: m_LocalPosition.x
      value: 0
      objectReference: {fileID: 0}
    - target: {fileID: 400006, guid: ac9437f19ec3c4969869e404a06e67c1, type: 2}
      propertyPath: m_LocalPosition.y
      value: 0
      objectReference: {fileID: 0}
    - target: {fileID: 400006, guid: ac9437f19ec3c4969869e404a06e67c1, type: 2}
      propertyPath: m_LocalPosition.z
      value: 128
      objectReference: {fileID: 0}
    - target: {fileID: 400006, guid: ac9437f19ec3c4969869e404a06e67c1, type: 2}
      propertyPath: m_LocalRotation.x
      value: 0
      objectReference: {fileID: 0}
    - target: {fileID: 400006, guid: ac9437f19ec3c4969869e404a06e67c1, type: 2}
      propertyPath: m_LocalRotation.y
      value: 0
      objectReference: {fileID: 0}
    - target: {fileID: 400006, guid: ac9437f19ec3c4969869e404a06e67c1, type: 2}
      propertyPath: m_LocalRotation.z
      value: 0
      objectReference: {fileID: 0}
    - target: {fileID: 400006, guid: ac9437f19ec3c4969869e404a06e67c1, type: 2}
      propertyPath: m_LocalRotation.w
      value: 1
      objectReference: {fileID: 0}
    - target: {fileID: 2300000, guid: ac9437f19ec3c4969869e404a06e67c1, type: 2}
      propertyPath: m_LightmapIndex
      value: 255
      objectReference: {fileID: 0}
    - target: {fileID: 2300000, guid: ac9437f19ec3c4969869e404a06e67c1, type: 2}
      propertyPath: m_LightmapTilingOffset.x
      value: 1
      objectReference: {fileID: 0}
    - target: {fileID: 2300000, guid: ac9437f19ec3c4969869e404a06e67c1, type: 2}
      propertyPath: m_LightmapTilingOffset.y
      value: 1
      objectReference: {fileID: 0}
    - target: {fileID: 2300000, guid: ac9437f19ec3c4969869e404a06e67c1, type: 2}
      propertyPath: m_LightmapTilingOffset.z
      value: 0
      objectReference: {fileID: 0}
    - target: {fileID: 2300000, guid: ac9437f19ec3c4969869e404a06e67c1, type: 2}
      propertyPath: m_LightmapTilingOffset.w
      value: 0
      objectReference: {fileID: 0}
    - target: {fileID: 2300004, guid: ac9437f19ec3c4969869e404a06e67c1, type: 2}
      propertyPath: m_LightmapIndex
      value: 255
      objectReference: {fileID: 0}
    - target: {fileID: 2300004, guid: ac9437f19ec3c4969869e404a06e67c1, type: 2}
      propertyPath: m_LightmapTilingOffset.x
      value: 1
      objectReference: {fileID: 0}
    - target: {fileID: 2300004, guid: ac9437f19ec3c4969869e404a06e67c1, type: 2}
      propertyPath: m_LightmapTilingOffset.y
      value: 1
      objectReference: {fileID: 0}
    - target: {fileID: 2300004, guid: ac9437f19ec3c4969869e404a06e67c1, type: 2}
      propertyPath: m_LightmapTilingOffset.z
      value: 0
      objectReference: {fileID: 0}
    - target: {fileID: 2300002, guid: ac9437f19ec3c4969869e404a06e67c1, type: 2}
      propertyPath: m_LightmapIndex
      value: 255
      objectReference: {fileID: 0}
    - target: {fileID: 2300002, guid: ac9437f19ec3c4969869e404a06e67c1, type: 2}
      propertyPath: m_LightmapTilingOffset.x
      value: 1
      objectReference: {fileID: 0}
    - target: {fileID: 2300002, guid: ac9437f19ec3c4969869e404a06e67c1, type: 2}
      propertyPath: m_LightmapTilingOffset.y
      value: 1
      objectReference: {fileID: 0}
    - target: {fileID: 2300002, guid: ac9437f19ec3c4969869e404a06e67c1, type: 2}
      propertyPath: m_LightmapTilingOffset.w
      value: 0
      objectReference: {fileID: 0}
    m_RemovedComponents: []
  m_ParentPrefab: {fileID: 100100000, guid: ac9437f19ec3c4969869e404a06e67c1, type: 2}
  m_RootGameObject: {fileID: 1089184322}
  m_IsPrefabParent: 0
--- !u!1001 &1733932790
Prefab:
  m_ObjectHideFlags: 0
  serializedVersion: 2
  m_Modification:
    m_TransformParent: {fileID: 0}
    m_Modifications:
    - target: {fileID: 400000, guid: a79e296ec47e9f944a31ce45b2a19af1, type: 2}
      propertyPath: m_LocalPosition.x
      value: .405456185
      objectReference: {fileID: 0}
    - target: {fileID: 400000, guid: a79e296ec47e9f944a31ce45b2a19af1, type: 2}
      propertyPath: m_LocalPosition.y
      value: 2.62491083
      objectReference: {fileID: 0}
    - target: {fileID: 400000, guid: a79e296ec47e9f944a31ce45b2a19af1, type: 2}
      propertyPath: m_LocalPosition.z
      value: 33.6576233
      objectReference: {fileID: 0}
    - target: {fileID: 400000, guid: a79e296ec47e9f944a31ce45b2a19af1, type: 2}
      propertyPath: m_LocalRotation.x
      value: .0139532676
      objectReference: {fileID: 0}
    - target: {fileID: 400000, guid: a79e296ec47e9f944a31ce45b2a19af1, type: 2}
      propertyPath: m_LocalRotation.y
      value: .734984279
      objectReference: {fileID: 0}
    - target: {fileID: 400000, guid: a79e296ec47e9f944a31ce45b2a19af1, type: 2}
      propertyPath: m_LocalRotation.z
      value: .677939057
      objectReference: {fileID: 0}
    - target: {fileID: 400000, guid: a79e296ec47e9f944a31ce45b2a19af1, type: 2}
      propertyPath: m_LocalRotation.w
      value: .00141718495
      objectReference: {fileID: 0}
    - target: {fileID: 400000, guid: a79e296ec47e9f944a31ce45b2a19af1, type: 2}
      propertyPath: m_RootMapOrder
      value: 
      objectReference: {fileID: 0}
    - target: {fileID: 400000, guid: a79e296ec47e9f944a31ce45b2a19af1, type: 2}
      propertyPath: m_RootOrder
      value: 5
      objectReference: {fileID: 0}
    - target: {fileID: 400000, guid: a79e296ec47e9f944a31ce45b2a19af1, type: 2}
      propertyPath: m_LocalScale.x
      value: 1.0999999
      objectReference: {fileID: 0}
    - target: {fileID: 400000, guid: a79e296ec47e9f944a31ce45b2a19af1, type: 2}
      propertyPath: m_LocalScale.z
      value: 1.10000002
      objectReference: {fileID: 0}
    m_RemovedComponents: []
  m_ParentPrefab: {fileID: 100100000, guid: a79e296ec47e9f944a31ce45b2a19af1, type: 2}
  m_RootGameObject: {fileID: 1981505111}
  m_IsPrefabParent: 0
--- !u!1 &1751960820
GameObject:
  m_ObjectHideFlags: 0
  m_PrefabParentObject: {fileID: 0}
  m_PrefabInternal: {fileID: 0}
  serializedVersion: 4
  m_Component:
  - 4: {fileID: 1751960821}
  m_Layer: 0
  m_Name: Tiles
  m_TagString: Untagged
  m_Icon: {fileID: 0}
  m_NavMeshLayer: 0
  m_StaticEditorFlags: 4294967295
  m_IsActive: 1
--- !u!4 &1751960821
Transform:
  m_ObjectHideFlags: 0
  m_PrefabParentObject: {fileID: 0}
  m_PrefabInternal: {fileID: 0}
  m_GameObject: {fileID: 1751960820}
  m_LocalRotation: {x: 0, y: 0, z: 0, w: 1}
  m_LocalPosition: {x: 86.5628357, y: 1.55075836, z: 116.082771}
  m_LocalScale: {x: .100000001, y: .100000001, z: .100000001}
  m_Children:
  - {fileID: 835928797}
  - {fileID: 1486943981}
  - {fileID: 1089184323}
  - {fileID: 38184313}
  m_Father: {fileID: 0}
  m_RootOrder: 3
--- !u!1001 &1872518255
Prefab:
  m_ObjectHideFlags: 0
  serializedVersion: 2
  m_Modification:
    m_TransformParent: {fileID: 0}
    m_Modifications:
    - target: {fileID: 400000, guid: a79e296ec47e9f944a31ce45b2a19af1, type: 2}
      propertyPath: m_LocalPosition.x
      value: -3.97780633
      objectReference: {fileID: 0}
    - target: {fileID: 400000, guid: a79e296ec47e9f944a31ce45b2a19af1, type: 2}
      propertyPath: m_LocalPosition.y
      value: 2.72327662
      objectReference: {fileID: 0}
    - target: {fileID: 400000, guid: a79e296ec47e9f944a31ce45b2a19af1, type: 2}
      propertyPath: m_LocalPosition.z
      value: 33.7314491
      objectReference: {fileID: 0}
    - target: {fileID: 400000, guid: a79e296ec47e9f944a31ce45b2a19af1, type: 2}
      propertyPath: m_LocalRotation.x
      value: .0139532676
      objectReference: {fileID: 0}
    - target: {fileID: 400000, guid: a79e296ec47e9f944a31ce45b2a19af1, type: 2}
      propertyPath: m_LocalRotation.y
      value: .734984279
      objectReference: {fileID: 0}
    - target: {fileID: 400000, guid: a79e296ec47e9f944a31ce45b2a19af1, type: 2}
      propertyPath: m_LocalRotation.z
      value: .677939057
      objectReference: {fileID: 0}
    - target: {fileID: 400000, guid: a79e296ec47e9f944a31ce45b2a19af1, type: 2}
      propertyPath: m_LocalRotation.w
      value: .00141718495
      objectReference: {fileID: 0}
    - target: {fileID: 400000, guid: a79e296ec47e9f944a31ce45b2a19af1, type: 2}
      propertyPath: m_RootMapOrder
      value: 
      objectReference: {fileID: 0}
    - target: {fileID: 400000, guid: a79e296ec47e9f944a31ce45b2a19af1, type: 2}
      propertyPath: m_RootOrder
      value: 6
      objectReference: {fileID: 0}
    - target: {fileID: 400000, guid: a79e296ec47e9f944a31ce45b2a19af1, type: 2}
      propertyPath: m_LocalScale.x
      value: 1.09999979
      objectReference: {fileID: 0}
    - target: {fileID: 400000, guid: a79e296ec47e9f944a31ce45b2a19af1, type: 2}
      propertyPath: m_LocalScale.z
      value: 1.10000002
      objectReference: {fileID: 0}
    m_RemovedComponents: []
  m_ParentPrefab: {fileID: 100100000, guid: a79e296ec47e9f944a31ce45b2a19af1, type: 2}
  m_RootGameObject: {fileID: 1549772900}
  m_IsPrefabParent: 0
--- !u!1 &1936023416
GameObject:
  m_ObjectHideFlags: 0
  m_PrefabParentObject: {fileID: 100002, guid: 55275d55d3b904062a94edb227e0037f, type: 2}
  m_PrefabInternal: {fileID: 53880271}
  serializedVersion: 4
  m_Component:
  - 4: {fileID: 1936023417}
  - 33: {fileID: 1936023420}
  - 23: {fileID: 1936023419}
  - 64: {fileID: 1936023418}
  m_Layer: 0
  m_Name: tile10_floor
  m_TagString: Untagged
  m_Icon: {fileID: 0}
  m_NavMeshLayer: 0
  m_StaticEditorFlags: 4294967295
  m_IsActive: 1
--- !u!4 &1936023417
Transform:
  m_ObjectHideFlags: 0
  m_PrefabParentObject: {fileID: 400002, guid: 55275d55d3b904062a94edb227e0037f, type: 2}
  m_PrefabInternal: {fileID: 53880271}
  m_GameObject: {fileID: 1936023416}
  m_LocalRotation: {x: -.707106829, y: 0, z: -0, w: .707106829}
  m_LocalPosition: {x: 0, y: 0, z: 0}
  m_LocalScale: {x: 1, y: 1, z: 1}
  m_Children: []
  m_Father: {fileID: 835928797}
  m_RootOrder: 0
--- !u!64 &1936023418
MeshCollider:
  m_ObjectHideFlags: 0
  m_PrefabParentObject: {fileID: 6400002, guid: 55275d55d3b904062a94edb227e0037f,
    type: 2}
  m_PrefabInternal: {fileID: 53880271}
  m_GameObject: {fileID: 1936023416}
  m_Material: {fileID: 13400000, guid: 5410a64fad11e8d6d00011d98d76c639, type: 2}
  m_IsTrigger: 0
  m_Enabled: 1
  serializedVersion: 2
  m_Convex: 0
  m_Mesh: {fileID: 4300002, guid: 52bd6ed38de9947388a8b569567f876b, type: 3}
--- !u!23 &1936023419
MeshRenderer:
  m_ObjectHideFlags: 0
  m_PrefabParentObject: {fileID: 2300002, guid: 55275d55d3b904062a94edb227e0037f,
    type: 2}
  m_PrefabInternal: {fileID: 53880271}
  m_GameObject: {fileID: 1936023416}
  m_Enabled: 1
  m_CastShadows: 1
  m_ReceiveShadows: 1
  m_Materials:
  - {fileID: 2100000, guid: 5504b3f852abd4a9aba674539e4c876e, type: 2}
  m_SubsetIndices: 
  m_StaticBatchRoot: {fileID: 0}
  m_UseLightProbes: 0
  m_ReflectionProbeUsage: 1
  m_ProbeAnchor: {fileID: 0}
  m_ScaleInLightmap: 1
  m_PreserveUVs: 0
  m_ImportantGI: 0
  m_AutoUVMaxDistance: .5
  m_AutoUVMaxAngle: 89
  m_LightmapParameters: {fileID: 0}
  m_SortingLayerID: 0
  m_SortingOrder: 0
--- !u!33 &1936023420
MeshFilter:
  m_ObjectHideFlags: 0
  m_PrefabParentObject: {fileID: 3300002, guid: 55275d55d3b904062a94edb227e0037f,
    type: 2}
  m_PrefabInternal: {fileID: 53880271}
  m_GameObject: {fileID: 1936023416}
  m_Mesh: {fileID: 4300002, guid: 52bd6ed38de9947388a8b569567f876b, type: 3}
--- !u!1 &1949166181
GameObject:
  m_ObjectHideFlags: 0
  m_PrefabParentObject: {fileID: 100036, guid: f8eb00a394ccb4c6997d3ed3c38c5d44, type: 2}
  m_PrefabInternal: {fileID: 0}
  serializedVersion: 4
  m_Component:
  - 4: {fileID: 1949166182}
  - 114: {fileID: 1949166183}
  m_Layer: 0
  m_Name: Startup
  m_TagString: Untagged
  m_Icon: {fileID: 0}
  m_NavMeshLayer: 0
  m_StaticEditorFlags: 0
  m_IsActive: 1
--- !u!4 &1949166182
Transform:
  m_ObjectHideFlags: 0
  m_PrefabParentObject: {fileID: 400036, guid: f8eb00a394ccb4c6997d3ed3c38c5d44, type: 2}
  m_PrefabInternal: {fileID: 0}
  m_GameObject: {fileID: 1949166181}
  m_LocalRotation: {x: 0, y: 0, z: 0, w: 1}
  m_LocalPosition: {x: 0, y: 0, z: 0}
  m_LocalScale: {x: 1, y: 1, z: 1}
  m_Children:
  - {fileID: 2009321051}
  - {fileID: 340011351}
  m_Father: {fileID: 127075584}
  m_RootOrder: 2
--- !u!114 &1949166183
MonoBehaviour:
  m_ObjectHideFlags: 0
  m_PrefabParentObject: {fileID: 11400010, guid: f8eb00a394ccb4c6997d3ed3c38c5d44,
    type: 2}
  m_PrefabInternal: {fileID: 0}
  m_GameObject: {fileID: 1949166181}
  m_Enabled: 1
  m_EditorHideFlags: 0
  m_Script: {fileID: 11500000, guid: 7931b9b253e434a9ca9552ce86d14215, type: 3}
  m_Name: 
  m_EditorClassIdentifier: 
  prefabDroid: {fileID: 100024, guid: 814b7bb61c62f4c46b0a1be359b5341e, type: 2}
  prefabIOS: {fileID: 100024, guid: fbf16c344d741495c9afdc3fb4ea9fb4, type: 2}
  prefab: {fileID: 100024, guid: 814b7bb61c62f4c46b0a1be359b5341e, type: 2}
--- !u!1 &1980902103
GameObject:
  m_ObjectHideFlags: 0
  m_PrefabParentObject: {fileID: 100002, guid: ac9437f19ec3c4969869e404a06e67c1, type: 2}
  m_PrefabInternal: {fileID: 1679312594}
  serializedVersion: 4
  m_Component:
  - 4: {fileID: 1980902104}
  - 33: {fileID: 1980902107}
  - 23: {fileID: 1980902106}
  - 64: {fileID: 1980902105}
  m_Layer: 0
  m_Name: tile09_floor
  m_TagString: Untagged
  m_Icon: {fileID: 0}
  m_NavMeshLayer: 0
  m_StaticEditorFlags: 4294967295
  m_IsActive: 1
--- !u!4 &1980902104
Transform:
  m_ObjectHideFlags: 0
  m_PrefabParentObject: {fileID: 400002, guid: ac9437f19ec3c4969869e404a06e67c1, type: 2}
  m_PrefabInternal: {fileID: 1679312594}
  m_GameObject: {fileID: 1980902103}
  m_LocalRotation: {x: -.707106829, y: 0, z: -0, w: .707106829}
  m_LocalPosition: {x: 0, y: 0, z: 0}
  m_LocalScale: {x: 1, y: 1, z: 1}
  m_Children: []
  m_Father: {fileID: 1089184323}
  m_RootOrder: 1
--- !u!64 &1980902105
MeshCollider:
  m_ObjectHideFlags: 0
  m_PrefabParentObject: {fileID: 6400002, guid: ac9437f19ec3c4969869e404a06e67c1,
    type: 2}
  m_PrefabInternal: {fileID: 1679312594}
  m_GameObject: {fileID: 1980902103}
  m_Material: {fileID: 13400000, guid: 5410a64fad11e8d6d00011d98d76c639, type: 2}
  m_IsTrigger: 0
  m_Enabled: 1
  serializedVersion: 2
  m_Convex: 0
  m_Mesh: {fileID: 4300004, guid: e106782d93da443fa9780c4cf132f6b1, type: 3}
--- !u!23 &1980902106
MeshRenderer:
  m_ObjectHideFlags: 0
  m_PrefabParentObject: {fileID: 2300002, guid: ac9437f19ec3c4969869e404a06e67c1,
    type: 2}
  m_PrefabInternal: {fileID: 1679312594}
  m_GameObject: {fileID: 1980902103}
  m_Enabled: 1
  m_CastShadows: 1
  m_ReceiveShadows: 1
  m_Materials:
  - {fileID: 2100000, guid: 5504b3f852abd4a9aba674539e4c876e, type: 2}
  m_SubsetIndices: 
  m_StaticBatchRoot: {fileID: 0}
  m_UseLightProbes: 0
  m_ReflectionProbeUsage: 1
  m_ProbeAnchor: {fileID: 0}
  m_ScaleInLightmap: 1
  m_PreserveUVs: 0
  m_ImportantGI: 0
  m_AutoUVMaxDistance: .5
  m_AutoUVMaxAngle: 89
  m_LightmapParameters: {fileID: 0}
  m_SortingLayerID: 0
  m_SortingOrder: 0
--- !u!33 &1980902107
MeshFilter:
  m_ObjectHideFlags: 0
  m_PrefabParentObject: {fileID: 3300002, guid: ac9437f19ec3c4969869e404a06e67c1,
    type: 2}
  m_PrefabInternal: {fileID: 1679312594}
  m_GameObject: {fileID: 1980902103}
  m_Mesh: {fileID: 4300004, guid: e106782d93da443fa9780c4cf132f6b1, type: 3}
--- !u!1 &1981505111
GameObject:
  m_ObjectHideFlags: 0
  m_PrefabParentObject: {fileID: 100000, guid: a79e296ec47e9f944a31ce45b2a19af1, type: 2}
  m_PrefabInternal: {fileID: 1733932790}
  serializedVersion: 4
  m_Component:
  - 4: {fileID: 1981505115}
  - 33: {fileID: 1981505114}
  - 23: {fileID: 1981505113}
  - 65: {fileID: 1981505112}
  m_Layer: 0
  m_Name: Shed1B
  m_TagString: Untagged
  m_Icon: {fileID: 0}
  m_NavMeshLayer: 0
  m_StaticEditorFlags: 4294967295
  m_IsActive: 1
--- !u!65 &1981505112
BoxCollider:
  m_ObjectHideFlags: 0
  m_PrefabParentObject: {fileID: 0}
  m_PrefabInternal: {fileID: 0}
  m_GameObject: {fileID: 1981505111}
  m_Material: {fileID: 0}
  m_IsTrigger: 0
  m_Enabled: 1
  serializedVersion: 2
  m_Size: {x: 3.90095139, y: .3003923, z: 2.18140221}
  m_Center: {x: 6.01505832e-08, y: .1444197, z: .583355069}
--- !u!23 &1981505113
MeshRenderer:
  m_ObjectHideFlags: 0
  m_PrefabParentObject: {fileID: 2300000, guid: a79e296ec47e9f944a31ce45b2a19af1,
    type: 2}
  m_PrefabInternal: {fileID: 1733932790}
  m_GameObject: {fileID: 1981505111}
  m_Enabled: 1
  m_CastShadows: 1
  m_ReceiveShadows: 1
  m_Materials:
  - {fileID: 2100000, guid: d3d89812d35745a48be74cc74aea4ef0, type: 2}
  m_SubsetIndices: 
  m_StaticBatchRoot: {fileID: 0}
  m_UseLightProbes: 0
  m_ReflectionProbeUsage: 1
  m_ProbeAnchor: {fileID: 0}
  m_ScaleInLightmap: 1
  m_PreserveUVs: 0
  m_ImportantGI: 0
  m_AutoUVMaxDistance: .5
  m_AutoUVMaxAngle: 89
  m_LightmapParameters: {fileID: 0}
  m_SortingLayerID: 0
  m_SortingOrder: 0
--- !u!33 &1981505114
MeshFilter:
  m_ObjectHideFlags: 0
  m_PrefabParentObject: {fileID: 3300000, guid: a79e296ec47e9f944a31ce45b2a19af1,
    type: 2}
  m_PrefabInternal: {fileID: 1733932790}
  m_GameObject: {fileID: 1981505111}
  m_Mesh: {fileID: 4300000, guid: cf9d3d194c8856a4d81e406c6f96d781, type: 3}
--- !u!4 &1981505115
Transform:
  m_ObjectHideFlags: 0
  m_PrefabParentObject: {fileID: 400000, guid: a79e296ec47e9f944a31ce45b2a19af1, type: 2}
  m_PrefabInternal: {fileID: 1733932790}
  m_GameObject: {fileID: 1981505111}
  m_LocalRotation: {x: .0139532676, y: .734984279, z: .677939057, w: .00141718495}
  m_LocalPosition: {x: .405456185, y: 2.62491083, z: 33.6576233}
  m_LocalScale: {x: 1.0999999, y: 1, z: 1.10000002}
  m_Children: []
  m_Father: {fileID: 0}
  m_RootOrder: 5
--- !u!1 &2009321050
GameObject:
  m_ObjectHideFlags: 0
  m_PrefabParentObject: {fileID: 100038, guid: f8eb00a394ccb4c6997d3ed3c38c5d44, type: 2}
  m_PrefabInternal: {fileID: 0}
  serializedVersion: 4
  m_Component:
  - 4: {fileID: 2009321051}
  - 20: {fileID: 2009321052}
  - 92: {fileID: 2009321055}
  - 124: {fileID: 2009321056}
  - 81: {fileID: 2009321054}
  - 114: {fileID: 2009321060}
  - 114: {fileID: 2009321059}
  - 114: {fileID: 2009321058}
  - 114: {fileID: 2009321057}
  - 114: {fileID: 2009321061}
  - 45: {fileID: 2009321053}
  m_Layer: 0
  m_Name: Camera
  m_TagString: MainCamera
  m_Icon: {fileID: 0}
  m_NavMeshLayer: 0
  m_StaticEditorFlags: 0
  m_IsActive: 1
--- !u!4 &2009321051
Transform:
  m_ObjectHideFlags: 0
  m_PrefabParentObject: {fileID: 400038, guid: f8eb00a394ccb4c6997d3ed3c38c5d44, type: 2}
  m_PrefabInternal: {fileID: 0}
  m_GameObject: {fileID: 2009321050}
  m_LocalRotation: {x: .29237169, y: 0, z: 0, w: .956304789}
  m_LocalPosition: {x: 147.873917, y: 44, z: -80}
  m_LocalScale: {x: 1, y: 1, z: 1}
  m_Children:
  - {fileID: 1255204957}
  m_Father: {fileID: 1949166182}
  m_RootOrder: 0
--- !u!20 &2009321052
Camera:
  m_ObjectHideFlags: 0
  m_PrefabParentObject: {fileID: 2000004, guid: f8eb00a394ccb4c6997d3ed3c38c5d44,
    type: 2}
  m_PrefabInternal: {fileID: 0}
  m_GameObject: {fileID: 2009321050}
  m_Enabled: 1
  serializedVersion: 2
  m_ClearFlags: 1
  m_BackGroundColor: {r: 1, g: 1, b: 1, a: .0196078438}
  m_NormalizedViewPortRect:
    serializedVersion: 2
    x: 0
    y: 0
    width: 1
    height: 1
  near clip plane: .300000012
  far clip plane: 1000
  field of view: 65
  orthographic: 0
  orthographic size: 100
  m_Depth: -1
  m_CullingMask:
    serializedVersion: 2
    m_Bits: 4294964735
  m_RenderingPath: -1
  m_TargetTexture: {fileID: 0}
  m_TargetDisplay: 0
  m_TargetEye: 3
  m_HDR: 0
  m_OcclusionCulling: 1
  m_StereoConvergence: 10
  m_StereoSeparation: .0219999999
  m_StereoMirrorMode: 0
--- !u!45 &2009321053
Skybox:
  m_ObjectHideFlags: 0
  m_PrefabParentObject: {fileID: 4500000, guid: f8eb00a394ccb4c6997d3ed3c38c5d44,
    type: 2}
  m_PrefabInternal: {fileID: 0}
  m_GameObject: {fileID: 2009321050}
  m_Enabled: 1
  m_CustomSkybox: {fileID: 2100000, guid: a2126534b3a11b34e977105bd9e3cc03, type: 2}
--- !u!81 &2009321054
AudioListener:
  m_ObjectHideFlags: 0
  m_PrefabParentObject: {fileID: 8100000, guid: f8eb00a394ccb4c6997d3ed3c38c5d44,
    type: 2}
  m_PrefabInternal: {fileID: 0}
  m_GameObject: {fileID: 2009321050}
  m_Enabled: 1
--- !u!92 &2009321055
Behaviour:
  m_ObjectHideFlags: 0
  m_PrefabParentObject: {fileID: 9200004, guid: f8eb00a394ccb4c6997d3ed3c38c5d44,
    type: 2}
  m_PrefabInternal: {fileID: 0}
  m_GameObject: {fileID: 2009321050}
  m_Enabled: 1
--- !u!124 &2009321056
Behaviour:
  m_ObjectHideFlags: 0
  m_PrefabParentObject: {fileID: 12400000, guid: f8eb00a394ccb4c6997d3ed3c38c5d44,
    type: 2}
  m_PrefabInternal: {fileID: 0}
  m_GameObject: {fileID: 2009321050}
  m_Enabled: 1
--- !u!114 &2009321057
MonoBehaviour:
  m_ObjectHideFlags: 0
  m_PrefabParentObject: {fileID: 11400012, guid: f8eb00a394ccb4c6997d3ed3c38c5d44,
    type: 2}
  m_PrefabInternal: {fileID: 0}
  m_GameObject: {fileID: 2009321050}
  m_Enabled: 1
  m_EditorHideFlags: 0
  m_Script: {fileID: 11500000, guid: 3429607681839490d94b1b0072fb039c, type: 3}
  m_Name: 
  m_EditorClassIdentifier: 
  spinSpeed: 10
  cameraOffset: {x: 30, y: 30, z: 30}
  m_on: 0
--- !u!114 &2009321058
MonoBehaviour:
  m_ObjectHideFlags: 0
  m_PrefabParentObject: {fileID: 11400014, guid: f8eb00a394ccb4c6997d3ed3c38c5d44,
    type: 2}
  m_PrefabInternal: {fileID: 0}
  m_GameObject: {fileID: 2009321050}
  m_Enabled: 1
  m_EditorHideFlags: 0
  m_Script: {fileID: 11500000, guid: 19ecd15cbe3114b45b21cf37f1d54290, type: 3}
  m_Name: 
  m_EditorClassIdentifier: 
  m_on: 0
  lookSlerp: .5
  zOffset: 5
  yOffset: 2
--- !u!114 &2009321059
MonoBehaviour:
  m_ObjectHideFlags: 0
  m_PrefabParentObject: {fileID: 11400016, guid: f8eb00a394ccb4c6997d3ed3c38c5d44,
    type: 2}
  m_PrefabInternal: {fileID: 0}
  m_GameObject: {fileID: 2009321050}
  m_Enabled: 1
  m_EditorHideFlags: 0
  m_Script: {fileID: 11500000, guid: 5f0c0d0b8b4ca45e2bf48214d3ed3d29, type: 3}
  m_Name: 
  m_EditorClassIdentifier: 
  cameraOffset: {x: 0, y: 4, z: -4}
  targetOffset: {x: 0, y: 2, z: 2}
  m_on: 0
  rotateTowardsTime: .5
  alphaColor: .5
--- !u!114 &2009321060
MonoBehaviour:
  m_ObjectHideFlags: 0
  m_PrefabParentObject: {fileID: 11400018, guid: f8eb00a394ccb4c6997d3ed3c38c5d44,
    type: 2}
  m_PrefabInternal: {fileID: 0}
  m_GameObject: {fileID: 2009321050}
  m_Enabled: 1
  m_EditorHideFlags: 0
  m_Script: {fileID: 11500000, guid: 2b12effd7f283434898573913b9765df, type: 3}
  m_Name: 
  m_EditorClassIdentifier: 
  spinSpeed: 30
  cameraOffset: {x: 20, y: 20, z: 20}
  m_on: 1
--- !u!114 &2009321061
MonoBehaviour:
  m_ObjectHideFlags: 0
  m_PrefabParentObject: {fileID: 11400020, guid: f8eb00a394ccb4c6997d3ed3c38c5d44,
    type: 2}
  m_PrefabInternal: {fileID: 0}
  m_GameObject: {fileID: 2009321050}
  m_Enabled: 1
  m_EditorHideFlags: 0
  m_Script: {fileID: 11500000, guid: ac58c9593ec1c4012bc3993f069b68c0, type: 3}
  m_Name: 
  m_EditorClassIdentifier: 
  m_on: 0
  rotateTowardsTime: .5
  cameraOffset: {x: 0, y: 55, z: .100000001}
--- !u!1 &2009720399
GameObject:
  m_ObjectHideFlags: 0
  m_PrefabParentObject: {fileID: 100008, guid: e3f9169ad875c400aaa286dd9ceb48d4, type: 2}
  m_PrefabInternal: {fileID: 1352870523}
  serializedVersion: 4
  m_Component:
  - 4: {fileID: 2009720400}
  m_Layer: 0
  m_Name: GameObject
  m_TagString: Hole
  m_Icon: {fileID: 0}
  m_NavMeshLayer: 0
  m_StaticEditorFlags: 4294967295
  m_IsActive: 1
--- !u!4 &2009720400
Transform:
  m_ObjectHideFlags: 0
  m_PrefabParentObject: {fileID: 400008, guid: e3f9169ad875c400aaa286dd9ceb48d4, type: 2}
  m_PrefabInternal: {fileID: 1352870523}
  m_GameObject: {fileID: 2009720399}
  m_LocalRotation: {x: .707106829, y: 0, z: 0, w: .707106829}
  m_LocalPosition: {x: -.0320702791, y: 16.5646458, z: 59.8773918}
  m_LocalScale: {x: 10, y: 10, z: 10}
  m_Children: []
  m_Father: {fileID: 960317031}
  m_RootOrder: 0
--- !u!1 &2023332610
GameObject:
  m_ObjectHideFlags: 0
  m_PrefabParentObject: {fileID: 100040, guid: f8eb00a394ccb4c6997d3ed3c38c5d44, type: 2}
  m_PrefabInternal: {fileID: 0}
  serializedVersion: 4
  m_Component:
  - 4: {fileID: 2023332611}
  - 114: {fileID: 2023332612}
  m_Layer: 0
  m_Name: GameObject
  m_TagString: Untagged
  m_Icon: {fileID: 0}
  m_NavMeshLayer: 0
  m_StaticEditorFlags: 0
  m_IsActive: 1
--- !u!4 &2023332611
Transform:
  m_ObjectHideFlags: 0
  m_PrefabParentObject: {fileID: 400040, guid: f8eb00a394ccb4c6997d3ed3c38c5d44, type: 2}
  m_PrefabInternal: {fileID: 0}
  m_GameObject: {fileID: 2023332610}
  m_LocalRotation: {x: 0, y: 0, z: 0, w: 1}
  m_LocalPosition: {x: -.320649862, y: 0, z: 1.97733879}
  m_LocalScale: {x: 1, y: 1, z: 1}
  m_Children: []
  m_Father: {fileID: 127075584}
  m_RootOrder: 1
--- !u!114 &2023332612
MonoBehaviour:
  m_ObjectHideFlags: 0
  m_PrefabParentObject: {fileID: 11400022, guid: f8eb00a394ccb4c6997d3ed3c38c5d44,
    type: 2}
  m_PrefabInternal: {fileID: 0}
  m_GameObject: {fileID: 2023332610}
  m_Enabled: 1
  m_EditorHideFlags: 0
  m_Script: {fileID: 11500000, guid: fe243ea428d1d4326a6be04e96822218, type: 3}
  m_Name: 
  m_EditorClassIdentifier: 
  par: 3
--- !u!1 &2065665529
GameObject:
  m_ObjectHideFlags: 0
  m_PrefabParentObject: {fileID: 0}
  m_PrefabInternal: {fileID: 0}
  serializedVersion: 4
  m_Component:
  - 4: {fileID: 2065665532}
  - 218: {fileID: 2065665531}
  - 154: {fileID: 2065665530}
  m_Layer: 0
  m_Name: Terrain
  m_TagString: Untagged
  m_Icon: {fileID: 0}
  m_NavMeshLayer: 0
  m_StaticEditorFlags: 4294967295
  m_IsActive: 1
--- !u!154 &2065665530
TerrainCollider:
  m_ObjectHideFlags: 0
  m_PrefabParentObject: {fileID: 0}
  m_PrefabInternal: {fileID: 0}
  m_GameObject: {fileID: 2065665529}
  m_Material: {fileID: 0}
  m_Enabled: 1
  m_TerrainData: {fileID: 15600000, guid: 7250bd734241e174d80631ce7094aa48, type: 2}
  m_EnableTreeColliders: 1
--- !u!218 &2065665531
Terrain:
  m_ObjectHideFlags: 0
  m_PrefabParentObject: {fileID: 0}
  m_PrefabInternal: {fileID: 0}
  m_GameObject: {fileID: 2065665529}
  m_Enabled: 1
  serializedVersion: 3
  m_TerrainData: {fileID: 15600000, guid: 7250bd734241e174d80631ce7094aa48, type: 2}
  m_TreeDistance: 2000
  m_TreeBillboardDistance: 50
  m_TreeCrossFadeLength: 5
  m_TreeMaximumFullLODCount: 50
  m_DetailObjectDistance: 80
  m_DetailObjectDensity: 1
  m_HeightmapPixelError: 5
  m_SplatMapDistance: 1000
  m_HeightmapMaximumLOD: 0
  m_CastShadows: 1
  m_DrawHeightmap: 1
  m_DrawTreesAndFoliage: 1
  m_ReflectionProbeUsage: 1
  m_MaterialType: 1
  m_LegacySpecular:
    serializedVersion: 2
    rgba: 4286545791
  m_LegacyShininess: .078125
  m_MaterialTemplate: {fileID: 0}
  m_BakeLightProbesForTrees: 1
  m_ScaleInLightmap: 1
  m_LightmapParameters: {fileID: 15203, guid: 0000000000000000f000000000000000, type: 0}
--- !u!4 &2065665532
Transform:
  m_ObjectHideFlags: 0
  m_PrefabParentObject: {fileID: 0}
  m_PrefabInternal: {fileID: 0}
  m_GameObject: {fileID: 2065665529}
  m_LocalRotation: {x: 0, y: 0, z: 0, w: 1}
  m_LocalPosition: {x: -49.3201523, y: 0, z: -44.3881378}
  m_LocalScale: {x: 1, y: 1, z: 1}
  m_Children: []
  m_Father: {fileID: 0}
  m_RootOrder: 2
