%YAML 1.1
%TAG !u! tag:unity3d.com,2011:
--- !u!29 &1
SceneSettings:
  m_ObjectHideFlags: 0
  m_PVSData: 
  m_PVSObjectsArray: []
  m_PVSPortalsArray: []
  m_OcclusionBakeSettings:
    smallestOccluder: 5
    smallestHole: 0.25
    backfaceThreshold: 100
--- !u!104 &2
RenderSettings:
  m_ObjectHideFlags: 0
  serializedVersion: 6
  m_Fog: 0
  m_FogColor: {r: 0.5, g: 0.5, b: 0.5, a: 1}
  m_FogMode: 3
  m_FogDensity: 0.01
  m_LinearFogStart: 0
  m_LinearFogEnd: 300
  m_AmbientSkyColor: {r: 0.2, g: 0.2, b: 0.2, a: 1}
  m_AmbientEquatorColor: {r: 0.2, g: 0.2, b: 0.2, a: 1}
  m_AmbientGroundColor: {r: 0.2, g: 0.2, b: 0.2, a: 1}
  m_AmbientIntensity: 1
  m_AmbientMode: 3
  m_SkyboxMaterial: {fileID: 2100000, guid: 717bd122515ce89499c2f196640de62a, type: 2}
  m_HaloStrength: 0.5
  m_FlareStrength: 1
  m_FlareFadeSpeed: 3
  m_HaloTexture: {fileID: 0}
  m_SpotCookie: {fileID: 10001, guid: 0000000000000000e000000000000000, type: 0}
  m_DefaultReflectionMode: 0
  m_DefaultReflectionResolution: 128
  m_ReflectionBounces: 1
  m_ReflectionIntensity: 1
  m_CustomReflection: {fileID: 0}
  m_Sun: {fileID: 0}
--- !u!157 &4
LightmapSettings:
  m_ObjectHideFlags: 0
  serializedVersion: 6
  m_GIWorkflowMode: 1
  m_LightmapsMode: 1
  m_GISettings:
    serializedVersion: 2
    m_BounceScale: 1
    m_IndirectOutputScale: 1
    m_AlbedoBoost: 1
    m_TemporalCoherenceThreshold: 1
    m_EnvironmentLightingMode: 0
    m_EnableBakedLightmaps: 1
    m_EnableRealtimeLightmaps: 0
  m_LightmapEditorSettings:
    serializedVersion: 3
    m_Resolution: 1
    m_BakeResolution: 50
    m_TextureWidth: 1024
    m_TextureHeight: 1024
    m_AOMaxDistance: 1
    m_Padding: 2
    m_CompAOExponent: 0
    m_LightmapParameters: {fileID: 0}
    m_TextureCompression: 0
    m_FinalGather: 0
    m_FinalGatherRayCount: 1024
    m_ReflectionCompression: 2
  m_LightingDataAsset: {fileID: 0}
  m_RuntimeCPUUsage: 25
--- !u!196 &5
NavMeshSettings:
  serializedVersion: 2
  m_ObjectHideFlags: 0
  m_BuildSettings:
    serializedVersion: 2
    agentRadius: 0.5
    agentHeight: 2
    agentSlope: 45
    agentClimb: 0.4
    ledgeDropHeight: 0
    maxJumpAcrossDistance: 0
    accuratePlacement: 0
    minRegionArea: 2
    cellSize: 0.16666666
    manualCellSize: 0
  m_NavMeshData: {fileID: 0}
--- !u!1001 &287393406
Prefab:
  m_ObjectHideFlags: 0
  serializedVersion: 2
  m_Modification:
    m_TransformParent: {fileID: 915368159}
    m_Modifications:
    - target: {fileID: 400000, guid: 739dd0b8dad2dca44938788b9ebfd97f, type: 3}
      propertyPath: m_LocalPosition.x
      value: 75.8898163
      objectReference: {fileID: 0}
    - target: {fileID: 400000, guid: 739dd0b8dad2dca44938788b9ebfd97f, type: 3}
      propertyPath: m_LocalPosition.y
      value: 2.78240395
      objectReference: {fileID: 0}
    - target: {fileID: 400000, guid: 739dd0b8dad2dca44938788b9ebfd97f, type: 3}
      propertyPath: m_LocalPosition.z
      value: 79.7757111
      objectReference: {fileID: 0}
    - target: {fileID: 400000, guid: 739dd0b8dad2dca44938788b9ebfd97f, type: 3}
      propertyPath: m_LocalRotation.x
      value: 0
      objectReference: {fileID: 0}
    - target: {fileID: 400000, guid: 739dd0b8dad2dca44938788b9ebfd97f, type: 3}
      propertyPath: m_LocalRotation.y
      value: -.273086697
      objectReference: {fileID: 0}
    - target: {fileID: 400000, guid: 739dd0b8dad2dca44938788b9ebfd97f, type: 3}
      propertyPath: m_LocalRotation.z
      value: 0
      objectReference: {fileID: 0}
    - target: {fileID: 400000, guid: 739dd0b8dad2dca44938788b9ebfd97f, type: 3}
      propertyPath: m_LocalRotation.w
      value: .961989462
      objectReference: {fileID: 0}
    - target: {fileID: 400000, guid: 739dd0b8dad2dca44938788b9ebfd97f, type: 3}
      propertyPath: m_RootMapOrder
      value: 
      objectReference: {fileID: 0}
    - target: {fileID: 400000, guid: 739dd0b8dad2dca44938788b9ebfd97f, type: 3}
      propertyPath: m_RootOrder
      value: 10
      objectReference: {fileID: 0}
    - target: {fileID: 400000, guid: 739dd0b8dad2dca44938788b9ebfd97f, type: 3}
      propertyPath: m_LocalScale.x
      value: 1
      objectReference: {fileID: 0}
    m_RemovedComponents: []
  m_ParentPrefab: {fileID: 100100000, guid: 739dd0b8dad2dca44938788b9ebfd97f, type: 3}
  m_IsPrefabParent: 0
--- !u!4 &287393407 stripped
Transform:
  m_PrefabParentObject: {fileID: 400000, guid: 739dd0b8dad2dca44938788b9ebfd97f, type: 3}
  m_PrefabInternal: {fileID: 287393406}
--- !u!1001 &327023197
Prefab:
  m_ObjectHideFlags: 0
  serializedVersion: 2
  m_Modification:
    m_TransformParent: {fileID: 829030551}
    m_Modifications:
    - target: {fileID: 400000, guid: a79e296ec47e9f944a31ce45b2a19af1, type: 2}
      propertyPath: m_LocalPosition.x
      value: 44.5558167
      objectReference: {fileID: 0}
    - target: {fileID: 400000, guid: a79e296ec47e9f944a31ce45b2a19af1, type: 2}
      propertyPath: m_LocalPosition.y
      value: 25.2841415
      objectReference: {fileID: 0}
    - target: {fileID: 400000, guid: a79e296ec47e9f944a31ce45b2a19af1, type: 2}
      propertyPath: m_LocalPosition.z
      value: -264.200012
      objectReference: {fileID: 0}
    - target: {fileID: 400000, guid: a79e296ec47e9f944a31ce45b2a19af1, type: 2}
      propertyPath: m_LocalRotation.x
      value: .0139532685
      objectReference: {fileID: 0}
    - target: {fileID: 400000, guid: a79e296ec47e9f944a31ce45b2a19af1, type: 2}
      propertyPath: m_LocalRotation.y
      value: .734984338
      objectReference: {fileID: 0}
    - target: {fileID: 400000, guid: a79e296ec47e9f944a31ce45b2a19af1, type: 2}
      propertyPath: m_LocalRotation.z
      value: .677939117
      objectReference: {fileID: 0}
    - target: {fileID: 400000, guid: a79e296ec47e9f944a31ce45b2a19af1, type: 2}
      propertyPath: m_LocalRotation.w
      value: .00141718506
      objectReference: {fileID: 0}
    - target: {fileID: 400000, guid: a79e296ec47e9f944a31ce45b2a19af1, type: 2}
      propertyPath: m_RootMapOrder
      value: 
      objectReference: {fileID: 0}
    - target: {fileID: 400000, guid: a79e296ec47e9f944a31ce45b2a19af1, type: 2}
      propertyPath: m_RootOrder
      value: 7
      objectReference: {fileID: 0}
    - target: {fileID: 400000, guid: a79e296ec47e9f944a31ce45b2a19af1, type: 2}
      propertyPath: m_LocalScale.x
      value: 11
      objectReference: {fileID: 0}
    - target: {fileID: 400000, guid: a79e296ec47e9f944a31ce45b2a19af1, type: 2}
      propertyPath: m_LocalScale.z
      value: 11
      objectReference: {fileID: 0}
    - target: {fileID: 400000, guid: a79e296ec47e9f944a31ce45b2a19af1, type: 2}
      propertyPath: m_LocalScale.y
      value: 10
      objectReference: {fileID: 0}
    m_RemovedComponents: []
  m_ParentPrefab: {fileID: 100100000, guid: a79e296ec47e9f944a31ce45b2a19af1, type: 2}
  m_IsPrefabParent: 0
--- !u!4 &327023198 stripped
Transform:
  m_PrefabParentObject: {fileID: 400000, guid: a79e296ec47e9f944a31ce45b2a19af1, type: 2}
  m_PrefabInternal: {fileID: 327023197}
--- !u!1 &327023199 stripped
GameObject:
  m_PrefabParentObject: {fileID: 100000, guid: a79e296ec47e9f944a31ce45b2a19af1, type: 2}
  m_PrefabInternal: {fileID: 327023197}
--- !u!65 &327023200
BoxCollider:
  m_ObjectHideFlags: 0
  m_PrefabParentObject: {fileID: 0}
  m_PrefabInternal: {fileID: 0}
  m_GameObject: {fileID: 327023199}
  m_Material: {fileID: 0}
  m_IsTrigger: 0
  m_Enabled: 1
  serializedVersion: 2
  m_Size: {x: 3.9009514, y: 0.3003923, z: 2.1814022}
  m_Center: {x: 0.00000006015058, y: 0.1444197, z: 0.58335507}
--- !u!1 &370004677
GameObject:
  m_ObjectHideFlags: 0
  m_PrefabParentObject: {fileID: 100038, guid: f8eb00a394ccb4c6997d3ed3c38c5d44, type: 2}
  m_PrefabInternal: {fileID: 0}
  serializedVersion: 4
  m_Component:
  - 4: {fileID: 370004678}
  - 20: {fileID: 370004688}
  - 92: {fileID: 370004687}
  - 124: {fileID: 370004686}
  - 81: {fileID: 370004685}
  - 114: {fileID: 370004684}
  - 114: {fileID: 370004683}
  - 114: {fileID: 370004682}
  - 114: {fileID: 370004681}
  - 114: {fileID: 370004680}
  - 45: {fileID: 370004679}
  m_Layer: 0
  m_Name: Camera
  m_TagString: MainCamera
  m_Icon: {fileID: 0}
  m_NavMeshLayer: 0
  m_StaticEditorFlags: 0
  m_IsActive: 1
--- !u!4 &370004678
Transform:
  m_ObjectHideFlags: 0
  m_PrefabParentObject: {fileID: 400038, guid: f8eb00a394ccb4c6997d3ed3c38c5d44, type: 2}
  m_PrefabInternal: {fileID: 0}
  m_GameObject: {fileID: 370004677}
  m_LocalRotation: {x: -0.20673807, y: 0.6762094, z: -0.20673797, w: -0.67620975}
  m_LocalPosition: {x: 52.9, y: 38.7, z: 14.4}
  m_LocalScale: {x: 1, y: 1, z: 1}
  m_Children:
  - {fileID: 626044485}
  m_Father: {fileID: 1307231817}
  m_RootOrder: 0
--- !u!45 &370004679
Skybox:
  m_ObjectHideFlags: 0
  m_PrefabParentObject: {fileID: 4500000, guid: f8eb00a394ccb4c6997d3ed3c38c5d44,
    type: 2}
  m_PrefabInternal: {fileID: 0}
  m_GameObject: {fileID: 370004677}
  m_Enabled: 0
  m_CustomSkybox: {fileID: 2100000, guid: a2126534b3a11b34e977105bd9e3cc03, type: 2}
--- !u!114 &370004680
MonoBehaviour:
  m_ObjectHideFlags: 0
  m_PrefabParentObject: {fileID: 11400020, guid: f8eb00a394ccb4c6997d3ed3c38c5d44,
    type: 2}
  m_PrefabInternal: {fileID: 0}
  m_GameObject: {fileID: 370004677}
  m_Enabled: 1
  m_EditorHideFlags: 0
  m_Script: {fileID: 11500000, guid: ac58c9593ec1c4012bc3993f069b68c0, type: 3}
  m_Name: 
  m_EditorClassIdentifier: 
  m_on: 0
  rotateTowardsTime: 0.5
  cameraOffset: {x: 0, y: 55, z: 0.1}
--- !u!114 &370004681
MonoBehaviour:
  m_ObjectHideFlags: 0
  m_PrefabParentObject: {fileID: 11400012, guid: f8eb00a394ccb4c6997d3ed3c38c5d44,
    type: 2}
  m_PrefabInternal: {fileID: 0}
  m_GameObject: {fileID: 370004677}
  m_Enabled: 1
  m_EditorHideFlags: 0
  m_Script: {fileID: 11500000, guid: 3429607681839490d94b1b0072fb039c, type: 3}
  m_Name: 
  m_EditorClassIdentifier: 
  spinSpeed: 10
  cameraOffset: {x: 30, y: 30, z: 30}
  m_on: 0
--- !u!114 &370004682
MonoBehaviour:
  m_ObjectHideFlags: 0
  m_PrefabParentObject: {fileID: 11400014, guid: f8eb00a394ccb4c6997d3ed3c38c5d44,
    type: 2}
  m_PrefabInternal: {fileID: 0}
  m_GameObject: {fileID: 370004677}
  m_Enabled: 1
  m_EditorHideFlags: 0
  m_Script: {fileID: 11500000, guid: 19ecd15cbe3114b45b21cf37f1d54290, type: 3}
  m_Name: 
  m_EditorClassIdentifier: 
  m_on: 0
  lookSlerp: 0.5
  zOffset: 5
  yOffset: 2
--- !u!114 &370004683
MonoBehaviour:
  m_ObjectHideFlags: 0
  m_PrefabParentObject: {fileID: 11400016, guid: f8eb00a394ccb4c6997d3ed3c38c5d44,
    type: 2}
  m_PrefabInternal: {fileID: 0}
  m_GameObject: {fileID: 370004677}
  m_Enabled: 1
  m_EditorHideFlags: 0
  m_Script: {fileID: 11500000, guid: 5f0c0d0b8b4ca45e2bf48214d3ed3d29, type: 3}
  m_Name: 
  m_EditorClassIdentifier: 
  cameraOffset: {x: 0, y: 4, z: -4}
  targetOffset: {x: 0, y: 2, z: 2}
  m_on: 0
  rotateTowardsTime: 0.5
  alphaColor: 0.5
--- !u!114 &370004684
MonoBehaviour:
  m_ObjectHideFlags: 0
  m_PrefabParentObject: {fileID: 11400018, guid: f8eb00a394ccb4c6997d3ed3c38c5d44,
    type: 2}
  m_PrefabInternal: {fileID: 0}
  m_GameObject: {fileID: 370004677}
  m_Enabled: 1
  m_EditorHideFlags: 0
  m_Script: {fileID: 11500000, guid: 2b12effd7f283434898573913b9765df, type: 3}
  m_Name: 
  m_EditorClassIdentifier: 
  spinSpeed: 30
  cameraOffset: {x: 20, y: 20, z: 20}
  m_on: 1
--- !u!81 &370004685
AudioListener:
  m_ObjectHideFlags: 0
  m_PrefabParentObject: {fileID: 8100000, guid: f8eb00a394ccb4c6997d3ed3c38c5d44,
    type: 2}
  m_PrefabInternal: {fileID: 0}
  m_GameObject: {fileID: 370004677}
  m_Enabled: 1
--- !u!124 &370004686
Behaviour:
  m_ObjectHideFlags: 0
  m_PrefabParentObject: {fileID: 12400000, guid: f8eb00a394ccb4c6997d3ed3c38c5d44,
    type: 2}
  m_PrefabInternal: {fileID: 0}
  m_GameObject: {fileID: 370004677}
  m_Enabled: 1
--- !u!92 &370004687
Behaviour:
  m_ObjectHideFlags: 0
  m_PrefabParentObject: {fileID: 9200004, guid: f8eb00a394ccb4c6997d3ed3c38c5d44,
    type: 2}
  m_PrefabInternal: {fileID: 0}
  m_GameObject: {fileID: 370004677}
  m_Enabled: 1
--- !u!20 &370004688
Camera:
  m_ObjectHideFlags: 0
  m_PrefabParentObject: {fileID: 2000004, guid: f8eb00a394ccb4c6997d3ed3c38c5d44,
    type: 2}
  m_PrefabInternal: {fileID: 0}
  m_GameObject: {fileID: 370004677}
  m_Enabled: 1
  serializedVersion: 2
  m_ClearFlags: 1
  m_BackGroundColor: {r: 1, g: 1, b: 1, a: 0.019607844}
  m_NormalizedViewPortRect:
    serializedVersion: 2
    x: 0
    y: 0
    width: 1
    height: 1
  near clip plane: 0.3
  far clip plane: 1000
  field of view: 65
  orthographic: 0
  orthographic size: 100
  m_Depth: -1
  m_CullingMask:
    serializedVersion: 2
    m_Bits: 4294964735
  m_RenderingPath: -1
  m_TargetTexture: {fileID: 0}
  m_TargetDisplay: 0
  m_TargetEye: 3
  m_HDR: 0
  m_OcclusionCulling: 1
  m_StereoConvergence: 10
  m_StereoSeparation: 0.022
  m_StereoMirrorMode: 0
--- !u!1 &378861965
GameObject:
  m_ObjectHideFlags: 0
  m_PrefabParentObject: {fileID: 0}
  m_PrefabInternal: {fileID: 0}
  serializedVersion: 4
  m_Component:
  - 4: {fileID: 378861966}
  m_Layer: 0
  m_Name: World
  m_TagString: Untagged
  m_Icon: {fileID: 0}
  m_NavMeshLayer: 0
  m_StaticEditorFlags: 0
  m_IsActive: 1
--- !u!4 &378861966
Transform:
  m_ObjectHideFlags: 0
  m_PrefabParentObject: {fileID: 0}
  m_PrefabInternal: {fileID: 0}
  m_GameObject: {fileID: 378861965}
  m_LocalRotation: {x: 0, y: 0, z: 0, w: 1}
  m_LocalPosition: {x: 0, y: 0, z: 0}
  m_LocalScale: {x: 1, y: 1, z: 1}
  m_Children:
  - {fileID: 1489040838}
  - {fileID: 829030551}
  - {fileID: 1689080198}
  - {fileID: 723810697}
  - {fileID: 915368159}
  - {fileID: 488587201}
  m_Father: {fileID: 0}
  m_RootOrder: 1
--- !u!1001 &431678478
Prefab:
  m_ObjectHideFlags: 0
  serializedVersion: 2
  m_Modification:
    m_TransformParent: {fileID: 829030551}
    m_Modifications:
    - target: {fileID: 400006, guid: ac9437f19ec3c4969869e404a06e67c1, type: 2}
      propertyPath: m_LocalPosition.x
      value: .100000001
      objectReference: {fileID: 0}
    - target: {fileID: 400006, guid: ac9437f19ec3c4969869e404a06e67c1, type: 2}
      propertyPath: m_LocalPosition.y
      value: .200000003
      objectReference: {fileID: 0}
    - target: {fileID: 400006, guid: ac9437f19ec3c4969869e404a06e67c1, type: 2}
      propertyPath: m_LocalPosition.z
      value: 57.5
      objectReference: {fileID: 0}
    - target: {fileID: 400006, guid: ac9437f19ec3c4969869e404a06e67c1, type: 2}
      propertyPath: m_LocalRotation.x
      value: 0
      objectReference: {fileID: 0}
    - target: {fileID: 400006, guid: ac9437f19ec3c4969869e404a06e67c1, type: 2}
      propertyPath: m_LocalRotation.y
      value: 0
      objectReference: {fileID: 0}
    - target: {fileID: 400006, guid: ac9437f19ec3c4969869e404a06e67c1, type: 2}
      propertyPath: m_LocalRotation.z
      value: 0
      objectReference: {fileID: 0}
    - target: {fileID: 400006, guid: ac9437f19ec3c4969869e404a06e67c1, type: 2}
      propertyPath: m_LocalRotation.w
      value: 1
      objectReference: {fileID: 0}
    - target: {fileID: 2300000, guid: ac9437f19ec3c4969869e404a06e67c1, type: 2}
      propertyPath: m_LightmapIndex
      value: 255
      objectReference: {fileID: 0}
    - target: {fileID: 2300000, guid: ac9437f19ec3c4969869e404a06e67c1, type: 2}
      propertyPath: m_LightmapTilingOffset.x
      value: 1
      objectReference: {fileID: 0}
    - target: {fileID: 2300000, guid: ac9437f19ec3c4969869e404a06e67c1, type: 2}
      propertyPath: m_LightmapTilingOffset.y
      value: 1
      objectReference: {fileID: 0}
    - target: {fileID: 2300000, guid: ac9437f19ec3c4969869e404a06e67c1, type: 2}
      propertyPath: m_LightmapTilingOffset.z
      value: 0
      objectReference: {fileID: 0}
    - target: {fileID: 2300000, guid: ac9437f19ec3c4969869e404a06e67c1, type: 2}
      propertyPath: m_LightmapTilingOffset.w
      value: 0
      objectReference: {fileID: 0}
    - target: {fileID: 2300004, guid: ac9437f19ec3c4969869e404a06e67c1, type: 2}
      propertyPath: m_LightmapIndex
      value: 255
      objectReference: {fileID: 0}
    - target: {fileID: 2300004, guid: ac9437f19ec3c4969869e404a06e67c1, type: 2}
      propertyPath: m_LightmapTilingOffset.x
      value: 1
      objectReference: {fileID: 0}
    - target: {fileID: 2300004, guid: ac9437f19ec3c4969869e404a06e67c1, type: 2}
      propertyPath: m_LightmapTilingOffset.y
      value: 1
      objectReference: {fileID: 0}
    - target: {fileID: 2300004, guid: ac9437f19ec3c4969869e404a06e67c1, type: 2}
      propertyPath: m_LightmapTilingOffset.z
      value: 0
      objectReference: {fileID: 0}
    - target: {fileID: 2300002, guid: ac9437f19ec3c4969869e404a06e67c1, type: 2}
      propertyPath: m_LightmapIndex
      value: 255
      objectReference: {fileID: 0}
    - target: {fileID: 2300002, guid: ac9437f19ec3c4969869e404a06e67c1, type: 2}
      propertyPath: m_LightmapTilingOffset.x
      value: 1
      objectReference: {fileID: 0}
    - target: {fileID: 2300002, guid: ac9437f19ec3c4969869e404a06e67c1, type: 2}
      propertyPath: m_LightmapTilingOffset.y
      value: 1
      objectReference: {fileID: 0}
    - target: {fileID: 2300002, guid: ac9437f19ec3c4969869e404a06e67c1, type: 2}
      propertyPath: m_LightmapTilingOffset.w
      value: 0
      objectReference: {fileID: 0}
    - target: {fileID: 400006, guid: ac9437f19ec3c4969869e404a06e67c1, type: 2}
      propertyPath: m_RootOrder
      value: 3
      objectReference: {fileID: 0}
    - target: {fileID: 400006, guid: ac9437f19ec3c4969869e404a06e67c1, type: 2}
      propertyPath: m_LocalScale.x
      value: 1
      objectReference: {fileID: 0}
    - target: {fileID: 400006, guid: ac9437f19ec3c4969869e404a06e67c1, type: 2}
      propertyPath: m_LocalScale.y
      value: 1
      objectReference: {fileID: 0}
    - target: {fileID: 400006, guid: ac9437f19ec3c4969869e404a06e67c1, type: 2}
      propertyPath: m_LocalScale.z
      value: 1
      objectReference: {fileID: 0}
    m_RemovedComponents: []
  m_ParentPrefab: {fileID: 100100000, guid: ac9437f19ec3c4969869e404a06e67c1, type: 2}
  m_IsPrefabParent: 0
--- !u!4 &431678479 stripped
Transform:
  m_PrefabParentObject: {fileID: 400006, guid: ac9437f19ec3c4969869e404a06e67c1, type: 2}
  m_PrefabInternal: {fileID: 431678478}
--- !u!1001 &466970434
Prefab:
  m_ObjectHideFlags: 0
  serializedVersion: 2
  m_Modification:
    m_TransformParent: {fileID: 915368159}
    m_Modifications:
    - target: {fileID: 400000, guid: 8e82176de5d3f44468ce38c39432e2ad, type: 3}
      propertyPath: m_LocalPosition.x
      value: 47.6592789
      objectReference: {fileID: 0}
    - target: {fileID: 400000, guid: 8e82176de5d3f44468ce38c39432e2ad, type: 3}
      propertyPath: m_LocalPosition.y
      value: 2.72906137
      objectReference: {fileID: 0}
    - target: {fileID: 400000, guid: 8e82176de5d3f44468ce38c39432e2ad, type: 3}
      propertyPath: m_LocalPosition.z
      value: 26.4841423
      objectReference: {fileID: 0}
    - target: {fileID: 400000, guid: 8e82176de5d3f44468ce38c39432e2ad, type: 3}
      propertyPath: m_LocalRotation.x
      value: 0
      objectReference: {fileID: 0}
    - target: {fileID: 400000, guid: 8e82176de5d3f44468ce38c39432e2ad, type: 3}
      propertyPath: m_LocalRotation.y
      value: -.243257195
      objectReference: {fileID: 0}
    - target: {fileID: 400000, guid: 8e82176de5d3f44468ce38c39432e2ad, type: 3}
      propertyPath: m_LocalRotation.z
      value: 0
      objectReference: {fileID: 0}
    - target: {fileID: 400000, guid: 8e82176de5d3f44468ce38c39432e2ad, type: 3}
      propertyPath: m_LocalRotation.w
      value: .969961882
      objectReference: {fileID: 0}
    - target: {fileID: 400000, guid: 8e82176de5d3f44468ce38c39432e2ad, type: 3}
      propertyPath: m_RootMapOrder
      value: 
      objectReference: {fileID: 0}
    - target: {fileID: 400000, guid: 8e82176de5d3f44468ce38c39432e2ad, type: 3}
      propertyPath: m_RootOrder
      value: 1
      objectReference: {fileID: 0}
    m_RemovedComponents: []
  m_ParentPrefab: {fileID: 100100000, guid: 8e82176de5d3f44468ce38c39432e2ad, type: 3}
  m_IsPrefabParent: 0
--- !u!4 &466970435 stripped
Transform:
  m_PrefabParentObject: {fileID: 400000, guid: 8e82176de5d3f44468ce38c39432e2ad, type: 3}
  m_PrefabInternal: {fileID: 466970434}
--- !u!1001 &488587200
Prefab:
  m_ObjectHideFlags: 0
  serializedVersion: 2
  m_Modification:
    m_TransformParent: {fileID: 378861966}
    m_Modifications:
    - target: {fileID: 400000, guid: a89c638a34e54cf478a69049f84a3a61, type: 2}
      propertyPath: m_LocalPosition.x
      value: 0
      objectReference: {fileID: 0}
    - target: {fileID: 400000, guid: a89c638a34e54cf478a69049f84a3a61, type: 2}
      propertyPath: m_LocalPosition.y
      value: 3.37171936
      objectReference: {fileID: 0}
    - target: {fileID: 400000, guid: a89c638a34e54cf478a69049f84a3a61, type: 2}
      propertyPath: m_LocalPosition.z
      value: 0
      objectReference: {fileID: 0}
    - target: {fileID: 400000, guid: a89c638a34e54cf478a69049f84a3a61, type: 2}
      propertyPath: m_LocalRotation.x
      value: 0
      objectReference: {fileID: 0}
    - target: {fileID: 400000, guid: a89c638a34e54cf478a69049f84a3a61, type: 2}
      propertyPath: m_LocalRotation.y
      value: 0
      objectReference: {fileID: 0}
    - target: {fileID: 400000, guid: a89c638a34e54cf478a69049f84a3a61, type: 2}
      propertyPath: m_LocalRotation.z
      value: 0
      objectReference: {fileID: 0}
    - target: {fileID: 400000, guid: a89c638a34e54cf478a69049f84a3a61, type: 2}
      propertyPath: m_LocalRotation.w
      value: 1
      objectReference: {fileID: 0}
    - target: {fileID: 400000, guid: a89c638a34e54cf478a69049f84a3a61, type: 2}
      propertyPath: m_RootMapOrder
      value: 
      objectReference: {fileID: 0}
    - target: {fileID: 400000, guid: a89c638a34e54cf478a69049f84a3a61, type: 2}
      propertyPath: m_RootOrder
      value: 5
      objectReference: {fileID: 0}
    - target: {fileID: 400000, guid: a89c638a34e54cf478a69049f84a3a61, type: 2}
      propertyPath: m_LocalScale.x
      value: 126.222153
      objectReference: {fileID: 0}
    - target: {fileID: 400000, guid: a89c638a34e54cf478a69049f84a3a61, type: 2}
      propertyPath: m_LocalScale.y
      value: 12.6222143
      objectReference: {fileID: 0}
    - target: {fileID: 400000, guid: a89c638a34e54cf478a69049f84a3a61, type: 2}
      propertyPath: m_LocalScale.z
      value: 126.222145
      objectReference: {fileID: 0}
    - target: {fileID: 6400000, guid: a89c638a34e54cf478a69049f84a3a61, type: 2}
      propertyPath: m_Convex
      value: 1
      objectReference: {fileID: 0}
    - target: {fileID: 100000, guid: a89c638a34e54cf478a69049f84a3a61, type: 2}
      propertyPath: m_IsActive
      value: 1
      objectReference: {fileID: 0}
    m_RemovedComponents: []
  m_ParentPrefab: {fileID: 100100000, guid: a89c638a34e54cf478a69049f84a3a61, type: 2}
  m_IsPrefabParent: 0
--- !u!4 &488587201 stripped
Transform:
  m_PrefabParentObject: {fileID: 400000, guid: a89c638a34e54cf478a69049f84a3a61, type: 2}
  m_PrefabInternal: {fileID: 488587200}
--- !u!1001 &549851256
Prefab:
  m_ObjectHideFlags: 0
  serializedVersion: 2
  m_Modification:
    m_TransformParent: {fileID: 829030551}
    m_Modifications:
    - target: {fileID: 400000, guid: a79e296ec47e9f944a31ce45b2a19af1, type: 2}
      propertyPath: m_LocalPosition.x
      value: 1.22741699
      objectReference: {fileID: 0}
    - target: {fileID: 400000, guid: a79e296ec47e9f944a31ce45b2a19af1, type: 2}
      propertyPath: m_LocalPosition.y
      value: 26.2491074
      objectReference: {fileID: 0}
    - target: {fileID: 400000, guid: a79e296ec47e9f944a31ce45b2a19af1, type: 2}
      propertyPath: m_LocalPosition.z
      value: -263.5
      objectReference: {fileID: 0}
    - target: {fileID: 400000, guid: a79e296ec47e9f944a31ce45b2a19af1, type: 2}
      propertyPath: m_LocalRotation.x
      value: .0139532685
      objectReference: {fileID: 0}
    - target: {fileID: 400000, guid: a79e296ec47e9f944a31ce45b2a19af1, type: 2}
      propertyPath: m_LocalRotation.y
      value: .734984338
      objectReference: {fileID: 0}
    - target: {fileID: 400000, guid: a79e296ec47e9f944a31ce45b2a19af1, type: 2}
      propertyPath: m_LocalRotation.z
      value: .677939117
      objectReference: {fileID: 0}
    - target: {fileID: 400000, guid: a79e296ec47e9f944a31ce45b2a19af1, type: 2}
      propertyPath: m_LocalRotation.w
      value: .00141718506
      objectReference: {fileID: 0}
    - target: {fileID: 400000, guid: a79e296ec47e9f944a31ce45b2a19af1, type: 2}
      propertyPath: m_RootMapOrder
      value: 
      objectReference: {fileID: 0}
    - target: {fileID: 400000, guid: a79e296ec47e9f944a31ce45b2a19af1, type: 2}
      propertyPath: m_RootOrder
      value: 5
      objectReference: {fileID: 0}
    - target: {fileID: 400000, guid: a79e296ec47e9f944a31ce45b2a19af1, type: 2}
      propertyPath: m_LocalScale.x
      value: 11
      objectReference: {fileID: 0}
    - target: {fileID: 400000, guid: a79e296ec47e9f944a31ce45b2a19af1, type: 2}
      propertyPath: m_LocalScale.z
      value: 11
      objectReference: {fileID: 0}
    - target: {fileID: 400000, guid: a79e296ec47e9f944a31ce45b2a19af1, type: 2}
      propertyPath: m_LocalScale.y
      value: 10
      objectReference: {fileID: 0}
    m_RemovedComponents: []
  m_ParentPrefab: {fileID: 100100000, guid: a79e296ec47e9f944a31ce45b2a19af1, type: 2}
  m_IsPrefabParent: 0
--- !u!4 &549851257 stripped
Transform:
  m_PrefabParentObject: {fileID: 400000, guid: a79e296ec47e9f944a31ce45b2a19af1, type: 2}
  m_PrefabInternal: {fileID: 549851256}
--- !u!1 &549851258 stripped
GameObject:
  m_PrefabParentObject: {fileID: 100000, guid: a79e296ec47e9f944a31ce45b2a19af1, type: 2}
  m_PrefabInternal: {fileID: 549851256}
--- !u!65 &549851259
BoxCollider:
  m_ObjectHideFlags: 0
  m_PrefabParentObject: {fileID: 0}
  m_PrefabInternal: {fileID: 0}
  m_GameObject: {fileID: 549851258}
  m_Material: {fileID: 0}
  m_IsTrigger: 0
  m_Enabled: 1
  serializedVersion: 2
  m_Size: {x: 3.9009514, y: 0.3003923, z: 2.1814022}
  m_Center: {x: 0.00000006015058, y: 0.1444197, z: 0.58335507}
--- !u!1001 &597843975
Prefab:
  m_ObjectHideFlags: 0
  serializedVersion: 2
  m_Modification:
    m_TransformParent: {fileID: 829030551}
    m_Modifications:
    - target: {fileID: 400000, guid: a79e296ec47e9f944a31ce45b2a19af1, type: 2}
      propertyPath: m_LocalPosition.x
      value: -42.2761536
      objectReference: {fileID: 0}
    - target: {fileID: 400000, guid: a79e296ec47e9f944a31ce45b2a19af1, type: 2}
      propertyPath: m_LocalPosition.y
      value: 27.2327652
      objectReference: {fileID: 0}
    - target: {fileID: 400000, guid: a79e296ec47e9f944a31ce45b2a19af1, type: 2}
      propertyPath: m_LocalPosition.z
      value: -262.700012
      objectReference: {fileID: 0}
    - target: {fileID: 400000, guid: a79e296ec47e9f944a31ce45b2a19af1, type: 2}
      propertyPath: m_LocalRotation.x
      value: .0139532685
      objectReference: {fileID: 0}
    - target: {fileID: 400000, guid: a79e296ec47e9f944a31ce45b2a19af1, type: 2}
      propertyPath: m_LocalRotation.y
      value: .734984338
      objectReference: {fileID: 0}
    - target: {fileID: 400000, guid: a79e296ec47e9f944a31ce45b2a19af1, type: 2}
      propertyPath: m_LocalRotation.z
      value: .677939117
      objectReference: {fileID: 0}
    - target: {fileID: 400000, guid: a79e296ec47e9f944a31ce45b2a19af1, type: 2}
      propertyPath: m_LocalRotation.w
      value: .00141718506
      objectReference: {fileID: 0}
    - target: {fileID: 400000, guid: a79e296ec47e9f944a31ce45b2a19af1, type: 2}
      propertyPath: m_RootMapOrder
      value: 
      objectReference: {fileID: 0}
    - target: {fileID: 400000, guid: a79e296ec47e9f944a31ce45b2a19af1, type: 2}
      propertyPath: m_RootOrder
      value: 6
      objectReference: {fileID: 0}
    - target: {fileID: 400000, guid: a79e296ec47e9f944a31ce45b2a19af1, type: 2}
      propertyPath: m_LocalScale.x
      value: 11
      objectReference: {fileID: 0}
    - target: {fileID: 400000, guid: a79e296ec47e9f944a31ce45b2a19af1, type: 2}
      propertyPath: m_LocalScale.z
      value: 11
      objectReference: {fileID: 0}
    - target: {fileID: 400000, guid: a79e296ec47e9f944a31ce45b2a19af1, type: 2}
      propertyPath: m_LocalScale.y
      value: 10
      objectReference: {fileID: 0}
    m_RemovedComponents: []
  m_ParentPrefab: {fileID: 100100000, guid: a79e296ec47e9f944a31ce45b2a19af1, type: 2}
  m_IsPrefabParent: 0
--- !u!4 &597843976 stripped
Transform:
  m_PrefabParentObject: {fileID: 400000, guid: a79e296ec47e9f944a31ce45b2a19af1, type: 2}
  m_PrefabInternal: {fileID: 597843975}
--- !u!1 &597843977 stripped
GameObject:
  m_PrefabParentObject: {fileID: 100000, guid: a79e296ec47e9f944a31ce45b2a19af1, type: 2}
  m_PrefabInternal: {fileID: 597843975}
--- !u!65 &597843978
BoxCollider:
  m_ObjectHideFlags: 0
  m_PrefabParentObject: {fileID: 0}
  m_PrefabInternal: {fileID: 0}
  m_GameObject: {fileID: 597843977}
  m_Material: {fileID: 0}
  m_IsTrigger: 0
  m_Enabled: 1
  serializedVersion: 2
  m_Size: {x: 3.9009514, y: 0.3003923, z: 2.1814022}
  m_Center: {x: 0.00000006015058, y: 0.1444197, z: 0.58335507}
--- !u!1 &626044484
GameObject:
  m_ObjectHideFlags: 0
  m_PrefabParentObject: {fileID: 100028, guid: f8eb00a394ccb4c6997d3ed3c38c5d44, type: 2}
  m_PrefabInternal: {fileID: 0}
  serializedVersion: 4
  m_Component:
  - 4: {fileID: 626044485}
  - 20: {fileID: 626044487}
  - 92: {fileID: 626044486}
  m_Layer: 0
  m_Name: Camera
  m_TagString: Untagged
  m_Icon: {fileID: 0}
  m_NavMeshLayer: 0
  m_StaticEditorFlags: 0
  m_IsActive: 1
--- !u!4 &626044485
Transform:
  m_ObjectHideFlags: 0
  m_PrefabParentObject: {fileID: 400028, guid: f8eb00a394ccb4c6997d3ed3c38c5d44, type: 2}
  m_PrefabInternal: {fileID: 0}
  m_GameObject: {fileID: 626044484}
  m_LocalRotation: {x: 0.00000023841858, y: 0, z: 0, w: 1}
  m_LocalPosition: {x: 0, y: 0, z: 0}
  m_LocalScale: {x: 1, y: 1, z: 1}
  m_Children: []
  m_Father: {fileID: 370004678}
  m_RootOrder: 0
--- !u!92 &626044486
Behaviour:
  m_ObjectHideFlags: 0
  m_PrefabParentObject: {fileID: 9200002, guid: f8eb00a394ccb4c6997d3ed3c38c5d44,
    type: 2}
  m_PrefabInternal: {fileID: 0}
  m_GameObject: {fileID: 626044484}
  m_Enabled: 1
--- !u!20 &626044487
Camera:
  m_ObjectHideFlags: 0
  m_PrefabParentObject: {fileID: 2000002, guid: f8eb00a394ccb4c6997d3ed3c38c5d44,
    type: 2}
  m_PrefabInternal: {fileID: 0}
  m_GameObject: {fileID: 626044484}
  m_Enabled: 1
  serializedVersion: 2
  m_ClearFlags: 3
  m_BackGroundColor: {r: 1, g: 1, b: 0.4745098, a: 0.019607844}
  m_NormalizedViewPortRect:
    serializedVersion: 2
    x: 0
    y: 0
    width: 1
    height: 1
  near clip plane: 0.3
  far clip plane: 1000
  field of view: 65
  orthographic: 0
  orthographic size: 100
  m_Depth: 1
  m_CullingMask:
    serializedVersion: 2
    m_Bits: 512
  m_RenderingPath: -1
  m_TargetTexture: {fileID: 0}
  m_TargetDisplay: 0
  m_TargetEye: 3
  m_HDR: 0
  m_OcclusionCulling: 1
  m_StereoConvergence: 10
  m_StereoSeparation: 0.022
  m_StereoMirrorMode: 0
--- !u!1 &642687864
GameObject:
  m_ObjectHideFlags: 0
  m_PrefabParentObject: {fileID: 0}
  m_PrefabInternal: {fileID: 0}
  serializedVersion: 4
  m_Component:
  - 4: {fileID: 642687865}
  - 33: {fileID: 642687867}
  - 23: {fileID: 642687866}
  m_Layer: 9
  m_Name: Trail
  m_TagString: Untagged
  m_Icon: {fileID: 0}
  m_NavMeshLayer: 0
  m_StaticEditorFlags: 0
  m_IsActive: 1
--- !u!4 &642687865
Transform:
  m_ObjectHideFlags: 0
  m_PrefabParentObject: {fileID: 0}
  m_PrefabInternal: {fileID: 0}
  m_GameObject: {fileID: 642687864}
  m_LocalRotation: {x: 0, y: 0, z: 0, w: 1}
  m_LocalPosition: {x: 0, y: 0, z: 0}
  m_LocalScale: {x: 1, y: 1, z: 1}
  m_Children: []
  m_Father: {fileID: 645804067}
  m_RootOrder: 0
--- !u!23 &642687866
MeshRenderer:
  m_ObjectHideFlags: 0
  m_PrefabParentObject: {fileID: 0}
  m_PrefabInternal: {fileID: 0}
  m_GameObject: {fileID: 642687864}
  m_Enabled: 1
  m_CastShadows: 0
  m_ReceiveShadows: 0
  m_Materials:
  - {fileID: 2100000, guid: d42af26cdf5fb824ba87127b4508e285, type: 2}
  m_SubsetIndices: 
  m_StaticBatchRoot: {fileID: 0}
  m_UseLightProbes: 0
  m_ReflectionProbeUsage: 1
  m_ProbeAnchor: {fileID: 0}
  m_ScaleInLightmap: 1
  m_PreserveUVs: 0
  m_IgnoreNormalsForChartDetection: 0
  m_ImportantGI: 0
  m_MinimumChartSize: 4
  m_AutoUVMaxDistance: 0.5
  m_AutoUVMaxAngle: 89
  m_LightmapParameters: {fileID: 0}
  m_SortingLayerID: 0
  m_SortingOrder: 0
--- !u!33 &642687867
MeshFilter:
  m_ObjectHideFlags: 0
  m_PrefabParentObject: {fileID: 0}
  m_PrefabInternal: {fileID: 0}
  m_GameObject: {fileID: 642687864}
  m_Mesh: {fileID: 4300000, guid: 291b818cfd83d41469b45ba189b3bd88, type: 3}
--- !u!1 &645804066
GameObject:
  m_ObjectHideFlags: 0
  m_PrefabParentObject: {fileID: 0}
  m_PrefabInternal: {fileID: 0}
  serializedVersion: 4
  m_Component:
  - 4: {fileID: 645804067}
  m_Layer: 9
  m_Name: TrailNode
  m_TagString: Untagged
  m_Icon: {fileID: 0}
  m_NavMeshLayer: 0
  m_StaticEditorFlags: 0
  m_IsActive: 1
--- !u!4 &645804067
Transform:
  m_ObjectHideFlags: 0
  m_PrefabParentObject: {fileID: 0}
  m_PrefabInternal: {fileID: 0}
  m_GameObject: {fileID: 645804066}
  m_LocalRotation: {x: 0, y: 1, z: 0, w: -0.00000016292068}
  m_LocalPosition: {x: 0, y: 0, z: 0}
  m_LocalScale: {x: 10, y: 10, z: 10}
  m_Children:
  - {fileID: 642687865}
  m_Father: {fileID: 1925223363}
  m_RootOrder: 0
--- !u!1001 &690494822
Prefab:
  m_ObjectHideFlags: 0
  serializedVersion: 2
  m_Modification:
    m_TransformParent: {fileID: 829030551}
    m_Modifications:
    - target: {fileID: 400006, guid: e3f9169ad875c400aaa286dd9ceb48d4, type: 2}
      propertyPath: m_LocalPosition.x
      value: .100000001
      objectReference: {fileID: 0}
    - target: {fileID: 400006, guid: e3f9169ad875c400aaa286dd9ceb48d4, type: 2}
      propertyPath: m_LocalPosition.y
      value: .200000003
      objectReference: {fileID: 0}
    - target: {fileID: 400006, guid: e3f9169ad875c400aaa286dd9ceb48d4, type: 2}
      propertyPath: m_LocalPosition.z
      value: 185.399994
      objectReference: {fileID: 0}
    - target: {fileID: 400006, guid: e3f9169ad875c400aaa286dd9ceb48d4, type: 2}
      propertyPath: m_LocalRotation.x
      value: 0
      objectReference: {fileID: 0}
    - target: {fileID: 400006, guid: e3f9169ad875c400aaa286dd9ceb48d4, type: 2}
      propertyPath: m_LocalRotation.y
      value: 1
      objectReference: {fileID: 0}
    - target: {fileID: 400006, guid: e3f9169ad875c400aaa286dd9ceb48d4, type: 2}
      propertyPath: m_LocalRotation.z
      value: 0
      objectReference: {fileID: 0}
    - target: {fileID: 400006, guid: e3f9169ad875c400aaa286dd9ceb48d4, type: 2}
      propertyPath: m_LocalRotation.w
      value: -1.62920685e-07
      objectReference: {fileID: 0}
    - target: {fileID: 100008, guid: e3f9169ad875c400aaa286dd9ceb48d4, type: 2}
      propertyPath: m_StaticEditorFlags
      value: 4294967295
      objectReference: {fileID: 0}
    - target: {fileID: 100000, guid: e3f9169ad875c400aaa286dd9ceb48d4, type: 2}
      propertyPath: m_StaticEditorFlags
      value: 4294967295
      objectReference: {fileID: 0}
    - target: {fileID: 100002, guid: e3f9169ad875c400aaa286dd9ceb48d4, type: 2}
      propertyPath: m_StaticEditorFlags
      value: 4294967295
      objectReference: {fileID: 0}
    - target: {fileID: 100004, guid: e3f9169ad875c400aaa286dd9ceb48d4, type: 2}
      propertyPath: m_StaticEditorFlags
      value: 4294967295
      objectReference: {fileID: 0}
    - target: {fileID: 100006, guid: e3f9169ad875c400aaa286dd9ceb48d4, type: 2}
      propertyPath: m_StaticEditorFlags
      value: 4294967295
      objectReference: {fileID: 0}
    - target: {fileID: 2300000, guid: e3f9169ad875c400aaa286dd9ceb48d4, type: 2}
      propertyPath: m_LightmapIndex
      value: 255
      objectReference: {fileID: 0}
    - target: {fileID: 2300000, guid: e3f9169ad875c400aaa286dd9ceb48d4, type: 2}
      propertyPath: m_LightmapTilingOffset.x
      value: 1
      objectReference: {fileID: 0}
    - target: {fileID: 2300000, guid: e3f9169ad875c400aaa286dd9ceb48d4, type: 2}
      propertyPath: m_LightmapTilingOffset.y
      value: 1
      objectReference: {fileID: 0}
    - target: {fileID: 2300002, guid: e3f9169ad875c400aaa286dd9ceb48d4, type: 2}
      propertyPath: m_LightmapIndex
      value: 255
      objectReference: {fileID: 0}
    - target: {fileID: 2300002, guid: e3f9169ad875c400aaa286dd9ceb48d4, type: 2}
      propertyPath: m_LightmapTilingOffset.x
      value: 1
      objectReference: {fileID: 0}
    - target: {fileID: 2300002, guid: e3f9169ad875c400aaa286dd9ceb48d4, type: 2}
      propertyPath: m_LightmapTilingOffset.y
      value: 1
      objectReference: {fileID: 0}
    - target: {fileID: 2300002, guid: e3f9169ad875c400aaa286dd9ceb48d4, type: 2}
      propertyPath: m_LightmapTilingOffset.z
      value: 0
      objectReference: {fileID: 0}
    - target: {fileID: 2300002, guid: e3f9169ad875c400aaa286dd9ceb48d4, type: 2}
      propertyPath: m_LightmapTilingOffset.w
      value: 0
      objectReference: {fileID: 0}
    - target: {fileID: 2300004, guid: e3f9169ad875c400aaa286dd9ceb48d4, type: 2}
      propertyPath: m_LightmapIndex
      value: 255
      objectReference: {fileID: 0}
    - target: {fileID: 2300004, guid: e3f9169ad875c400aaa286dd9ceb48d4, type: 2}
      propertyPath: m_LightmapTilingOffset.x
      value: 1
      objectReference: {fileID: 0}
    - target: {fileID: 2300004, guid: e3f9169ad875c400aaa286dd9ceb48d4, type: 2}
      propertyPath: m_LightmapTilingOffset.y
      value: 1
      objectReference: {fileID: 0}
    - target: {fileID: 2300004, guid: e3f9169ad875c400aaa286dd9ceb48d4, type: 2}
      propertyPath: m_LightmapTilingOffset.z
      value: 0
      objectReference: {fileID: 0}
    - target: {fileID: 2300004, guid: e3f9169ad875c400aaa286dd9ceb48d4, type: 2}
      propertyPath: m_LightmapTilingOffset.w
      value: 0
      objectReference: {fileID: 0}
    - target: {fileID: 6500000, guid: e3f9169ad875c400aaa286dd9ceb48d4, type: 2}
      propertyPath: m_IsTrigger
      value: 1
      objectReference: {fileID: 0}
    - target: {fileID: 400006, guid: e3f9169ad875c400aaa286dd9ceb48d4, type: 2}
      propertyPath: m_RootOrder
      value: 1
      objectReference: {fileID: 0}
    - target: {fileID: 400006, guid: e3f9169ad875c400aaa286dd9ceb48d4, type: 2}
      propertyPath: m_LocalScale.x
      value: 1
      objectReference: {fileID: 0}
    - target: {fileID: 400006, guid: e3f9169ad875c400aaa286dd9ceb48d4, type: 2}
      propertyPath: m_LocalScale.y
      value: 1
      objectReference: {fileID: 0}
    - target: {fileID: 400006, guid: e3f9169ad875c400aaa286dd9ceb48d4, type: 2}
      propertyPath: m_LocalScale.z
      value: 1
      objectReference: {fileID: 0}
    m_RemovedComponents: []
  m_ParentPrefab: {fileID: 100100000, guid: e3f9169ad875c400aaa286dd9ceb48d4, type: 2}
  m_IsPrefabParent: 0
--- !u!4 &690494823 stripped
Transform:
  m_PrefabParentObject: {fileID: 400006, guid: e3f9169ad875c400aaa286dd9ceb48d4, type: 2}
  m_PrefabInternal: {fileID: 690494822}
--- !u!1 &723810696
GameObject:
  m_ObjectHideFlags: 0
  m_PrefabParentObject: {fileID: 100000, guid: f8eb00a394ccb4c6997d3ed3c38c5d44, type: 2}
  m_PrefabInternal: {fileID: 0}
  serializedVersion: 4
  m_Component:
  - 4: {fileID: 723810697}
  m_Layer: 0
  m_Name: Hole01
  m_TagString: Untagged
  m_Icon: {fileID: 0}
  m_NavMeshLayer: 0
  m_StaticEditorFlags: 0
  m_IsActive: 1
--- !u!4 &723810697
Transform:
  m_ObjectHideFlags: 0
  m_PrefabParentObject: {fileID: 400000, guid: f8eb00a394ccb4c6997d3ed3c38c5d44, type: 2}
  m_PrefabInternal: {fileID: 0}
  m_GameObject: {fileID: 723810696}
  m_LocalRotation: {x: 0, y: 0, z: 0, w: 1}
  m_LocalPosition: {x: 0, y: 0, z: 0}
  m_LocalScale: {x: 1, y: 1, z: 1}
  m_Children:
  - {fileID: 1307231817}
  m_Father: {fileID: 378861966}
  m_RootOrder: 3
--- !u!1001 &798206699
Prefab:
  m_ObjectHideFlags: 0
  serializedVersion: 2
  m_Modification:
    m_TransformParent: {fileID: 915368159}
    m_Modifications:
    - target: {fileID: 400000, guid: 0ae4a260905f01244b424b3cf423285e, type: 3}
      propertyPath: m_LocalPosition.x
      value: 103.635681
      objectReference: {fileID: 0}
    - target: {fileID: 400000, guid: 0ae4a260905f01244b424b3cf423285e, type: 3}
      propertyPath: m_LocalPosition.y
      value: 3.32534027
      objectReference: {fileID: 0}
    - target: {fileID: 400000, guid: 0ae4a260905f01244b424b3cf423285e, type: 3}
      propertyPath: m_LocalPosition.z
      value: 47.3775635
      objectReference: {fileID: 0}
    - target: {fileID: 400000, guid: 0ae4a260905f01244b424b3cf423285e, type: 3}
      propertyPath: m_LocalRotation.x
      value: 0
      objectReference: {fileID: 0}
    - target: {fileID: 400000, guid: 0ae4a260905f01244b424b3cf423285e, type: 3}
      propertyPath: m_LocalRotation.y
      value: -.796534896
      objectReference: {fileID: 0}
    - target: {fileID: 400000, guid: 0ae4a260905f01244b424b3cf423285e, type: 3}
      propertyPath: m_LocalRotation.z
      value: 0
      objectReference: {fileID: 0}
    - target: {fileID: 400000, guid: 0ae4a260905f01244b424b3cf423285e, type: 3}
      propertyPath: m_LocalRotation.w
      value: .604592621
      objectReference: {fileID: 0}
    - target: {fileID: 400000, guid: 0ae4a260905f01244b424b3cf423285e, type: 3}
      propertyPath: m_RootMapOrder
      value: 
      objectReference: {fileID: 0}
    - target: {fileID: 400000, guid: 0ae4a260905f01244b424b3cf423285e, type: 3}
      propertyPath: m_RootOrder
      value: 7
      objectReference: {fileID: 0}
    - target: {fileID: 400000, guid: 0ae4a260905f01244b424b3cf423285e, type: 3}
      propertyPath: m_LocalScale.x
      value: 1
      objectReference: {fileID: 0}
    m_RemovedComponents: []
  m_ParentPrefab: {fileID: 100100000, guid: 0ae4a260905f01244b424b3cf423285e, type: 3}
  m_IsPrefabParent: 0
--- !u!4 &798206700 stripped
Transform:
  m_PrefabParentObject: {fileID: 400000, guid: 0ae4a260905f01244b424b3cf423285e, type: 3}
  m_PrefabInternal: {fileID: 798206699}
--- !u!1 &829030550
GameObject:
  m_ObjectHideFlags: 0
  m_PrefabParentObject: {fileID: 0}
  m_PrefabInternal: {fileID: 0}
  serializedVersion: 4
  m_Component:
  - 4: {fileID: 829030551}
  m_Layer: 0
  m_Name: Course
  m_TagString: Untagged
  m_Icon: {fileID: 0}
  m_NavMeshLayer: 0
  m_StaticEditorFlags: 4294967295
  m_IsActive: 1
--- !u!4 &829030551
Transform:
  m_ObjectHideFlags: 0
  m_PrefabParentObject: {fileID: 0}
  m_PrefabInternal: {fileID: 0}
  m_GameObject: {fileID: 829030550}
  m_LocalRotation: {x: 0, y: 1, z: 0, w: -0.00000016292068}
  m_LocalPosition: {x: 93.28865, y: 1.41, z: 59.659927}
  m_LocalScale: {x: 0.1, y: 0.1, z: 0.1}
  m_Children:
  - {fileID: 1925223363}
  - {fileID: 690494823}
  - {fileID: 972918252}
  - {fileID: 431678479}
  - {fileID: 1709786621}
  - {fileID: 549851257}
  - {fileID: 597843976}
  - {fileID: 327023198}
  m_Father: {fileID: 378861966}
  m_RootOrder: 1
--- !u!1001 &874122193
Prefab:
  m_ObjectHideFlags: 0
  serializedVersion: 2
  m_Modification:
    m_TransformParent: {fileID: 915368159}
    m_Modifications:
    - target: {fileID: 400000, guid: 1f0ef9932716f8c448914d40148a40f7, type: 3}
      propertyPath: m_LocalPosition.x
      value: 64.1575928
      objectReference: {fileID: 0}
    - target: {fileID: 400000, guid: 1f0ef9932716f8c448914d40148a40f7, type: 3}
      propertyPath: m_LocalPosition.y
      value: 3.52974176
      objectReference: {fileID: 0}
    - target: {fileID: 400000, guid: 1f0ef9932716f8c448914d40148a40f7, type: 3}
      propertyPath: m_LocalPosition.z
      value: 36.8444824
      objectReference: {fileID: 0}
    - target: {fileID: 400000, guid: 1f0ef9932716f8c448914d40148a40f7, type: 3}
      propertyPath: m_LocalRotation.x
      value: 0
      objectReference: {fileID: 0}
    - target: {fileID: 400000, guid: 1f0ef9932716f8c448914d40148a40f7, type: 3}
      propertyPath: m_LocalRotation.y
      value: 0
      objectReference: {fileID: 0}
    - target: {fileID: 400000, guid: 1f0ef9932716f8c448914d40148a40f7, type: 3}
      propertyPath: m_LocalRotation.z
      value: 0
      objectReference: {fileID: 0}
    - target: {fileID: 400000, guid: 1f0ef9932716f8c448914d40148a40f7, type: 3}
      propertyPath: m_LocalRotation.w
      value: 1
      objectReference: {fileID: 0}
    - target: {fileID: 400000, guid: 1f0ef9932716f8c448914d40148a40f7, type: 3}
      propertyPath: m_RootMapOrder
      value: 
      objectReference: {fileID: 0}
    - target: {fileID: 400000, guid: 1f0ef9932716f8c448914d40148a40f7, type: 3}
      propertyPath: m_RootOrder
      value: 6
      objectReference: {fileID: 0}
    m_RemovedComponents: []
  m_ParentPrefab: {fileID: 100100000, guid: 1f0ef9932716f8c448914d40148a40f7, type: 3}
  m_IsPrefabParent: 0
--- !u!4 &874122194 stripped
Transform:
  m_PrefabParentObject: {fileID: 400000, guid: 1f0ef9932716f8c448914d40148a40f7, type: 3}
  m_PrefabInternal: {fileID: 874122193}
--- !u!1 &915368158
GameObject:
  m_ObjectHideFlags: 0
  m_PrefabParentObject: {fileID: 0}
  m_PrefabInternal: {fileID: 0}
  serializedVersion: 4
  m_Component:
  - 4: {fileID: 915368159}
  m_Layer: 0
  m_Name: World Objects
  m_TagString: Untagged
  m_Icon: {fileID: 0}
  m_NavMeshLayer: 0
  m_StaticEditorFlags: 0
  m_IsActive: 1
--- !u!4 &915368159
Transform:
  m_ObjectHideFlags: 0
  m_PrefabParentObject: {fileID: 0}
  m_PrefabInternal: {fileID: 0}
  m_GameObject: {fileID: 915368158}
  m_LocalRotation: {x: 0, y: 0, z: 0, w: 1}
  m_LocalPosition: {x: 0, y: 0, z: 0}
  m_LocalScale: {x: 1, y: 1, z: 1}
  m_Children:
  - {fileID: 1501254553}
  - {fileID: 466970435}
  - {fileID: 1515587267}
  - {fileID: 1054072808}
  - {fileID: 1525879788}
  - {fileID: 1753561315}
  - {fileID: 874122194}
  - {fileID: 798206700}
  - {fileID: 1421093755}
  - {fileID: 1851322013}
  - {fileID: 287393407}
  - {fileID: 1239828289}
  - {fileID: 2046268344}
  m_Father: {fileID: 378861966}
  m_RootOrder: 4
--- !u!1001 &972918251
Prefab:
  m_ObjectHideFlags: 0
  serializedVersion: 2
  m_Modification:
    m_TransformParent: {fileID: 829030551}
    m_Modifications:
    - target: {fileID: 400004, guid: 55275d55d3b904062a94edb227e0037f, type: 2}
      propertyPath: m_LocalPosition.x
      value: .100000001
      objectReference: {fileID: 0}
    - target: {fileID: 400004, guid: 55275d55d3b904062a94edb227e0037f, type: 2}
      propertyPath: m_LocalPosition.y
      value: .200000003
      objectReference: {fileID: 0}
    - target: {fileID: 400004, guid: 55275d55d3b904062a94edb227e0037f, type: 2}
      propertyPath: m_LocalPosition.z
      value: -70.1999969
      objectReference: {fileID: 0}
    - target: {fileID: 400004, guid: 55275d55d3b904062a94edb227e0037f, type: 2}
      propertyPath: m_LocalRotation.x
      value: 0
      objectReference: {fileID: 0}
    - target: {fileID: 400004, guid: 55275d55d3b904062a94edb227e0037f, type: 2}
      propertyPath: m_LocalRotation.y
      value: 0
      objectReference: {fileID: 0}
    - target: {fileID: 400004, guid: 55275d55d3b904062a94edb227e0037f, type: 2}
      propertyPath: m_LocalRotation.z
      value: 0
      objectReference: {fileID: 0}
    - target: {fileID: 400004, guid: 55275d55d3b904062a94edb227e0037f, type: 2}
      propertyPath: m_LocalRotation.w
      value: 1
      objectReference: {fileID: 0}
    - target: {fileID: 100004, guid: 55275d55d3b904062a94edb227e0037f, type: 2}
      propertyPath: m_StaticEditorFlags
      value: 4294967295
      objectReference: {fileID: 0}
    - target: {fileID: 100002, guid: 55275d55d3b904062a94edb227e0037f, type: 2}
      propertyPath: m_StaticEditorFlags
      value: 4294967295
      objectReference: {fileID: 0}
    - target: {fileID: 100000, guid: 55275d55d3b904062a94edb227e0037f, type: 2}
      propertyPath: m_StaticEditorFlags
      value: 4294967295
      objectReference: {fileID: 0}
    - target: {fileID: 2300002, guid: 55275d55d3b904062a94edb227e0037f, type: 2}
      propertyPath: m_LightmapIndex
      value: 255
      objectReference: {fileID: 0}
    - target: {fileID: 2300002, guid: 55275d55d3b904062a94edb227e0037f, type: 2}
      propertyPath: m_LightmapTilingOffset.x
      value: 1
      objectReference: {fileID: 0}
    - target: {fileID: 2300002, guid: 55275d55d3b904062a94edb227e0037f, type: 2}
      propertyPath: m_LightmapTilingOffset.y
      value: 1
      objectReference: {fileID: 0}
    - target: {fileID: 2300002, guid: 55275d55d3b904062a94edb227e0037f, type: 2}
      propertyPath: m_LightmapTilingOffset.z
      value: 0
      objectReference: {fileID: 0}
    - target: {fileID: 2300000, guid: 55275d55d3b904062a94edb227e0037f, type: 2}
      propertyPath: m_LightmapIndex
      value: 255
      objectReference: {fileID: 0}
    - target: {fileID: 2300000, guid: 55275d55d3b904062a94edb227e0037f, type: 2}
      propertyPath: m_LightmapTilingOffset.x
      value: 1
      objectReference: {fileID: 0}
    - target: {fileID: 2300000, guid: 55275d55d3b904062a94edb227e0037f, type: 2}
      propertyPath: m_LightmapTilingOffset.y
      value: 1
      objectReference: {fileID: 0}
    - target: {fileID: 2300000, guid: 55275d55d3b904062a94edb227e0037f, type: 2}
      propertyPath: m_LightmapTilingOffset.z
      value: 0
      objectReference: {fileID: 0}
    - target: {fileID: 2300002, guid: 55275d55d3b904062a94edb227e0037f, type: 2}
      propertyPath: m_LightmapTilingOffset.w
      value: 0
      objectReference: {fileID: 0}
    - target: {fileID: 400004, guid: 55275d55d3b904062a94edb227e0037f, type: 2}
      propertyPath: m_RootOrder
      value: 2
      objectReference: {fileID: 0}
    - target: {fileID: 400004, guid: 55275d55d3b904062a94edb227e0037f, type: 2}
      propertyPath: m_LocalScale.x
      value: 1
      objectReference: {fileID: 0}
    - target: {fileID: 400004, guid: 55275d55d3b904062a94edb227e0037f, type: 2}
      propertyPath: m_LocalScale.y
      value: 1
      objectReference: {fileID: 0}
    - target: {fileID: 400004, guid: 55275d55d3b904062a94edb227e0037f, type: 2}
      propertyPath: m_LocalScale.z
      value: 1
      objectReference: {fileID: 0}
    m_RemovedComponents: []
  m_ParentPrefab: {fileID: 100100000, guid: 55275d55d3b904062a94edb227e0037f, type: 2}
  m_IsPrefabParent: 0
--- !u!4 &972918252 stripped
Transform:
  m_PrefabParentObject: {fileID: 400004, guid: 55275d55d3b904062a94edb227e0037f, type: 2}
  m_PrefabInternal: {fileID: 972918251}
--- !u!1001 &1054072807
Prefab:
  m_ObjectHideFlags: 0
  serializedVersion: 2
  m_Modification:
    m_TransformParent: {fileID: 915368159}
    m_Modifications:
    - target: {fileID: 400000, guid: d99ffc8073d25dd49baf92eb19d98f91, type: 3}
      propertyPath: m_LocalPosition.x
      value: 59.8838463
      objectReference: {fileID: 0}
    - target: {fileID: 400000, guid: d99ffc8073d25dd49baf92eb19d98f91, type: 3}
      propertyPath: m_LocalPosition.y
      value: 4.26083517
      objectReference: {fileID: 0}
    - target: {fileID: 400000, guid: d99ffc8073d25dd49baf92eb19d98f91, type: 3}
      propertyPath: m_LocalPosition.z
      value: 48.6703148
      objectReference: {fileID: 0}
    - target: {fileID: 400000, guid: d99ffc8073d25dd49baf92eb19d98f91, type: 3}
      propertyPath: m_LocalRotation.x
      value: 0
      objectReference: {fileID: 0}
    - target: {fileID: 400000, guid: d99ffc8073d25dd49baf92eb19d98f91, type: 3}
      propertyPath: m_LocalRotation.y
      value: .536680341
      objectReference: {fileID: 0}
    - target: {fileID: 400000, guid: d99ffc8073d25dd49baf92eb19d98f91, type: 3}
      propertyPath: m_LocalRotation.z
      value: 0
      objectReference: {fileID: 0}
    - target: {fileID: 400000, guid: d99ffc8073d25dd49baf92eb19d98f91, type: 3}
      propertyPath: m_LocalRotation.w
      value: .843785703
      objectReference: {fileID: 0}
    - target: {fileID: 400000, guid: d99ffc8073d25dd49baf92eb19d98f91, type: 3}
      propertyPath: m_RootMapOrder
      value: 
      objectReference: {fileID: 0}
    - target: {fileID: 400000, guid: d99ffc8073d25dd49baf92eb19d98f91, type: 3}
      propertyPath: m_RootOrder
      value: 3
      objectReference: {fileID: 0}
    - target: {fileID: 100000, guid: d99ffc8073d25dd49baf92eb19d98f91, type: 3}
      propertyPath: m_Name
      value: Pipe1C (1)
      objectReference: {fileID: 0}
    m_RemovedComponents: []
  m_ParentPrefab: {fileID: 100100000, guid: d99ffc8073d25dd49baf92eb19d98f91, type: 3}
  m_IsPrefabParent: 0
--- !u!4 &1054072808 stripped
Transform:
  m_PrefabParentObject: {fileID: 400000, guid: d99ffc8073d25dd49baf92eb19d98f91, type: 3}
  m_PrefabInternal: {fileID: 1054072807}
--- !u!1001 &1239828288
Prefab:
  m_ObjectHideFlags: 0
  serializedVersion: 2
  m_Modification:
    m_TransformParent: {fileID: 915368159}
    m_Modifications:
    - target: {fileID: 400000, guid: f9e20e3484ddf0e4db27f3b33d033288, type: 3}
      propertyPath: m_LocalPosition.x
      value: 140.204865
      objectReference: {fileID: 0}
    - target: {fileID: 400000, guid: f9e20e3484ddf0e4db27f3b33d033288, type: 3}
      propertyPath: m_LocalPosition.y
      value: 7.14608479
      objectReference: {fileID: 0}
    - target: {fileID: 400000, guid: f9e20e3484ddf0e4db27f3b33d033288, type: 3}
      propertyPath: m_LocalPosition.z
      value: 40.1553192
      objectReference: {fileID: 0}
    - target: {fileID: 400000, guid: f9e20e3484ddf0e4db27f3b33d033288, type: 3}
      propertyPath: m_LocalRotation.x
      value: 0
      objectReference: {fileID: 0}
    - target: {fileID: 400000, guid: f9e20e3484ddf0e4db27f3b33d033288, type: 3}
      propertyPath: m_LocalRotation.y
      value: 0
      objectReference: {fileID: 0}
    - target: {fileID: 400000, guid: f9e20e3484ddf0e4db27f3b33d033288, type: 3}
      propertyPath: m_LocalRotation.z
      value: 0
      objectReference: {fileID: 0}
    - target: {fileID: 400000, guid: f9e20e3484ddf0e4db27f3b33d033288, type: 3}
      propertyPath: m_LocalRotation.w
      value: 1
      objectReference: {fileID: 0}
    - target: {fileID: 400000, guid: f9e20e3484ddf0e4db27f3b33d033288, type: 3}
      propertyPath: m_RootMapOrder
      value: 
      objectReference: {fileID: 0}
    - target: {fileID: 400000, guid: f9e20e3484ddf0e4db27f3b33d033288, type: 3}
      propertyPath: m_RootOrder
      value: 11
      objectReference: {fileID: 0}
    m_RemovedComponents: []
  m_ParentPrefab: {fileID: 100100000, guid: f9e20e3484ddf0e4db27f3b33d033288, type: 3}
  m_IsPrefabParent: 0
--- !u!4 &1239828289 stripped
Transform:
  m_PrefabParentObject: {fileID: 400000, guid: f9e20e3484ddf0e4db27f3b33d033288, type: 3}
  m_PrefabInternal: {fileID: 1239828288}
--- !u!1 &1307231816
GameObject:
  m_ObjectHideFlags: 0
  m_PrefabParentObject: {fileID: 100036, guid: f8eb00a394ccb4c6997d3ed3c38c5d44, type: 2}
  m_PrefabInternal: {fileID: 0}
  serializedVersion: 4
  m_Component:
  - 4: {fileID: 1307231817}
  - 114: {fileID: 1307231818}
  m_Layer: 0
  m_Name: Startup
  m_TagString: Untagged
  m_Icon: {fileID: 0}
  m_NavMeshLayer: 0
  m_StaticEditorFlags: 0
  m_IsActive: 1
--- !u!4 &1307231817
Transform:
  m_ObjectHideFlags: 0
  m_PrefabParentObject: {fileID: 400036, guid: f8eb00a394ccb4c6997d3ed3c38c5d44, type: 2}
  m_PrefabInternal: {fileID: 0}
  m_GameObject: {fileID: 1307231816}
  m_LocalRotation: {x: 0, y: 0, z: 0, w: 1}
  m_LocalPosition: {x: 0, y: 0, z: 0}
  m_LocalScale: {x: 1, y: 1, z: 1}
  m_Children:
  - {fileID: 370004678}
  - {fileID: 1882830258}
  m_Father: {fileID: 723810697}
  m_RootOrder: 0
--- !u!114 &1307231818
MonoBehaviour:
  m_ObjectHideFlags: 0
  m_PrefabParentObject: {fileID: 11400010, guid: f8eb00a394ccb4c6997d3ed3c38c5d44,
    type: 2}
  m_PrefabInternal: {fileID: 0}
  m_GameObject: {fileID: 1307231816}
  m_Enabled: 1
  m_EditorHideFlags: 0
  m_Script: {fileID: 11500000, guid: 7931b9b253e434a9ca9552ce86d14215, type: 3}
  m_Name: 
  m_EditorClassIdentifier: 
  prefabDroid: {fileID: 100024, guid: 814b7bb61c62f4c46b0a1be359b5341e, type: 2}
  prefabIOS: {fileID: 100024, guid: 814b7bb61c62f4c46b0a1be359b5341e, type: 2}
  prefab: {fileID: 100024, guid: 814b7bb61c62f4c46b0a1be359b5341e, type: 2}
--- !u!1001 &1421093754
Prefab:
  m_ObjectHideFlags: 0
  serializedVersion: 2
  m_Modification:
    m_TransformParent: {fileID: 915368159}
    m_Modifications:
    - target: {fileID: 400000, guid: da3f0fac71716b84ca6ca86a4ffb58dd, type: 3}
      propertyPath: m_LocalPosition.x
      value: 70.5598755
      objectReference: {fileID: 0}
    - target: {fileID: 400000, guid: da3f0fac71716b84ca6ca86a4ffb58dd, type: 3}
      propertyPath: m_LocalPosition.y
      value: 4.92626953
      objectReference: {fileID: 0}
    - target: {fileID: 400000, guid: da3f0fac71716b84ca6ca86a4ffb58dd, type: 3}
      propertyPath: m_LocalPosition.z
      value: 86.5502625
      objectReference: {fileID: 0}
    - target: {fileID: 400000, guid: da3f0fac71716b84ca6ca86a4ffb58dd, type: 3}
      propertyPath: m_LocalRotation.x
      value: 0
      objectReference: {fileID: 0}
    - target: {fileID: 400000, guid: da3f0fac71716b84ca6ca86a4ffb58dd, type: 3}
      propertyPath: m_LocalRotation.y
      value: .964045286
      objectReference: {fileID: 0}
    - target: {fileID: 400000, guid: da3f0fac71716b84ca6ca86a4ffb58dd, type: 3}
      propertyPath: m_LocalRotation.z
      value: 0
      objectReference: {fileID: 0}
    - target: {fileID: 400000, guid: da3f0fac71716b84ca6ca86a4ffb58dd, type: 3}
      propertyPath: m_LocalRotation.w
      value: .26573801
      objectReference: {fileID: 0}
    - target: {fileID: 400000, guid: da3f0fac71716b84ca6ca86a4ffb58dd, type: 3}
      propertyPath: m_RootMapOrder
      value: 
      objectReference: {fileID: 0}
    - target: {fileID: 400000, guid: da3f0fac71716b84ca6ca86a4ffb58dd, type: 3}
      propertyPath: m_RootOrder
      value: 8
      objectReference: {fileID: 0}
    m_RemovedComponents: []
  m_ParentPrefab: {fileID: 100100000, guid: da3f0fac71716b84ca6ca86a4ffb58dd, type: 3}
  m_IsPrefabParent: 0
--- !u!4 &1421093755 stripped
Transform:
  m_PrefabParentObject: {fileID: 400000, guid: da3f0fac71716b84ca6ca86a4ffb58dd, type: 3}
  m_PrefabInternal: {fileID: 1421093754}
--- !u!1 &1489040837
GameObject:
  m_ObjectHideFlags: 0
  m_PrefabParentObject: {fileID: 0}
  m_PrefabInternal: {fileID: 0}
  serializedVersion: 4
  m_Component:
  - 4: {fileID: 1489040838}
  - 218: {fileID: 1489040840}
  - 154: {fileID: 1489040839}
  m_Layer: 0
  m_Name: Terrain
  m_TagString: Untagged
  m_Icon: {fileID: 0}
  m_NavMeshLayer: 0
  m_StaticEditorFlags: 4294967295
  m_IsActive: 1
--- !u!4 &1489040838
Transform:
  m_ObjectHideFlags: 0
  m_PrefabParentObject: {fileID: 0}
  m_PrefabInternal: {fileID: 0}
  m_GameObject: {fileID: 1489040837}
  m_LocalRotation: {x: 0, y: 0, z: 0, w: 1}
  m_LocalPosition: {x: -49.320152, y: 0, z: -44.388138}
  m_LocalScale: {x: 1, y: 1, z: 1}
  m_Children: []
  m_Father: {fileID: 378861966}
  m_RootOrder: 0
--- !u!154 &1489040839
TerrainCollider:
  m_ObjectHideFlags: 0
  m_PrefabParentObject: {fileID: 0}
  m_PrefabInternal: {fileID: 0}
  m_GameObject: {fileID: 1489040837}
  m_Material: {fileID: 0}
  m_Enabled: 0
  m_TerrainData: {fileID: 15600000, guid: 7250bd734241e174d80631ce7094aa48, type: 2}
  m_EnableTreeColliders: 1
--- !u!218 &1489040840
Terrain:
  m_ObjectHideFlags: 0
  m_PrefabParentObject: {fileID: 0}
  m_PrefabInternal: {fileID: 0}
  m_GameObject: {fileID: 1489040837}
  m_Enabled: 1
  serializedVersion: 3
  m_TerrainData: {fileID: 15600000, guid: 7250bd734241e174d80631ce7094aa48, type: 2}
  m_TreeDistance: 2000
  m_TreeBillboardDistance: 50
  m_TreeCrossFadeLength: 5
  m_TreeMaximumFullLODCount: 50
  m_DetailObjectDistance: 80
  m_DetailObjectDensity: 1
  m_HeightmapPixelError: 200
  m_SplatMapDistance: 0
  m_HeightmapMaximumLOD: 0
  m_CastShadows: 1
  m_DrawHeightmap: 1
  m_DrawTreesAndFoliage: 1
  m_ReflectionProbeUsage: 1
  m_MaterialType: 1
  m_LegacySpecular:
    serializedVersion: 2
    rgba: 4286545791
  m_LegacyShininess: 0.078125
  m_MaterialTemplate: {fileID: 0}
  m_BakeLightProbesForTrees: 1
  m_ScaleInLightmap: 1
  m_LightmapParameters: {fileID: 15203, guid: 0000000000000000f000000000000000, type: 0}
--- !u!1001 &1501254552
Prefab:
  m_ObjectHideFlags: 0
  serializedVersion: 2
  m_Modification:
    m_TransformParent: {fileID: 915368159}
    m_Modifications:
    - target: {fileID: 400000, guid: 85fdd84abc357ff4fb29a5d25d6277b8, type: 3}
      propertyPath: m_LocalPosition.x
      value: 64.2676926
      objectReference: {fileID: 0}
    - target: {fileID: 400000, guid: 85fdd84abc357ff4fb29a5d25d6277b8, type: 3}
      propertyPath: m_LocalPosition.y
      value: 3.32872391
      objectReference: {fileID: 0}
    - target: {fileID: 400000, guid: 85fdd84abc357ff4fb29a5d25d6277b8, type: 3}
      propertyPath: m_LocalPosition.z
      value: 36.2452736
      objectReference: {fileID: 0}
    - target: {fileID: 400000, guid: 85fdd84abc357ff4fb29a5d25d6277b8, type: 3}
      propertyPath: m_LocalRotation.x
      value: 0
      objectReference: {fileID: 0}
    - target: {fileID: 400000, guid: 85fdd84abc357ff4fb29a5d25d6277b8, type: 3}
      propertyPath: m_LocalRotation.y
      value: .574854016
      objectReference: {fileID: 0}
    - target: {fileID: 400000, guid: 85fdd84abc357ff4fb29a5d25d6277b8, type: 3}
      propertyPath: m_LocalRotation.z
      value: 0
      objectReference: {fileID: 0}
    - target: {fileID: 400000, guid: 85fdd84abc357ff4fb29a5d25d6277b8, type: 3}
      propertyPath: m_LocalRotation.w
      value: .818256021
      objectReference: {fileID: 0}
    - target: {fileID: 400000, guid: 85fdd84abc357ff4fb29a5d25d6277b8, type: 3}
      propertyPath: m_RootMapOrder
      value: 
      objectReference: {fileID: 0}
    - target: {fileID: 400000, guid: 85fdd84abc357ff4fb29a5d25d6277b8, type: 3}
      propertyPath: m_RootOrder
      value: 0
      objectReference: {fileID: 0}
    m_RemovedComponents: []
  m_ParentPrefab: {fileID: 100100000, guid: 85fdd84abc357ff4fb29a5d25d6277b8, type: 3}
  m_IsPrefabParent: 0
--- !u!4 &1501254553 stripped
Transform:
  m_PrefabParentObject: {fileID: 400000, guid: 85fdd84abc357ff4fb29a5d25d6277b8, type: 3}
  m_PrefabInternal: {fileID: 1501254552}
--- !u!1 &1514257350
GameObject:
  m_ObjectHideFlags: 0
  m_PrefabParentObject: {fileID: 0}
  m_PrefabInternal: {fileID: 0}
  serializedVersion: 4
  m_Component:
  - 4: {fileID: 1514257352}
  - 114: {fileID: 1514257351}
  m_Layer: 0
  m_Name: Par Holder
  m_TagString: Untagged
  m_Icon: {fileID: 0}
  m_NavMeshLayer: 0
  m_StaticEditorFlags: 0
  m_IsActive: 1
--- !u!114 &1514257351
MonoBehaviour:
  m_ObjectHideFlags: 0
  m_PrefabParentObject: {fileID: 0}
  m_PrefabInternal: {fileID: 0}
  m_GameObject: {fileID: 1514257350}
  m_Enabled: 1
  m_EditorHideFlags: 0
  m_Script: {fileID: 11500000, guid: fe243ea428d1d4326a6be04e96822218, type: 3}
  m_Name: 
  m_EditorClassIdentifier: 
  par: 2
--- !u!4 &1514257352
Transform:
  m_ObjectHideFlags: 0
  m_PrefabParentObject: {fileID: 0}
  m_PrefabInternal: {fileID: 0}
  m_GameObject: {fileID: 1514257350}
  m_LocalRotation: {x: 0, y: 0, z: 0, w: 1}
  m_LocalPosition: {x: 0, y: 0, z: 0}
  m_LocalScale: {x: 1, y: 1, z: 1}
  m_Children: []
  m_Father: {fileID: 0}
  m_RootOrder: 2
--- !u!1001 &1515587266
Prefab:
  m_ObjectHideFlags: 0
  serializedVersion: 2
  m_Modification:
    m_TransformParent: {fileID: 915368159}
    m_Modifications:
    - target: {fileID: 400000, guid: fab8dab1885e10d4eb20dd7606f41ff5, type: 3}
      propertyPath: m_LocalPosition.x
      value: 33.8333969
      objectReference: {fileID: 0}
    - target: {fileID: 400000, guid: fab8dab1885e10d4eb20dd7606f41ff5, type: 3}
      propertyPath: m_LocalPosition.y
      value: 8.72515678
      objectReference: {fileID: 0}
    - target: {fileID: 400000, guid: fab8dab1885e10d4eb20dd7606f41ff5, type: 3}
      propertyPath: m_LocalPosition.z
      value: 88.4356613
      objectReference: {fileID: 0}
    - target: {fileID: 400000, guid: fab8dab1885e10d4eb20dd7606f41ff5, type: 3}
      propertyPath: m_LocalRotation.x
      value: .122144543
      objectReference: {fileID: 0}
    - target: {fileID: 400000, guid: fab8dab1885e10d4eb20dd7606f41ff5, type: 3}
      propertyPath: m_LocalRotation.y
      value: .9862746
      objectReference: {fileID: 0}
    - target: {fileID: 400000, guid: fab8dab1885e10d4eb20dd7606f41ff5, type: 3}
      propertyPath: m_LocalRotation.z
      value: -.0695362389
      objectReference: {fileID: 0}
    - target: {fileID: 400000, guid: fab8dab1885e10d4eb20dd7606f41ff5, type: 3}
      propertyPath: m_LocalRotation.w
      value: .0866480097
      objectReference: {fileID: 0}
    - target: {fileID: 400000, guid: fab8dab1885e10d4eb20dd7606f41ff5, type: 3}
      propertyPath: m_RootMapOrder
      value: 
      objectReference: {fileID: 0}
    - target: {fileID: 400000, guid: fab8dab1885e10d4eb20dd7606f41ff5, type: 3}
      propertyPath: m_RootOrder
      value: 2
      objectReference: {fileID: 0}
    m_RemovedComponents: []
  m_ParentPrefab: {fileID: 100100000, guid: fab8dab1885e10d4eb20dd7606f41ff5, type: 3}
  m_IsPrefabParent: 0
--- !u!4 &1515587267 stripped
Transform:
  m_PrefabParentObject: {fileID: 400000, guid: fab8dab1885e10d4eb20dd7606f41ff5, type: 3}
  m_PrefabInternal: {fileID: 1515587266}
--- !u!1001 &1525879787
Prefab:
  m_ObjectHideFlags: 0
  serializedVersion: 2
  m_Modification:
    m_TransformParent: {fileID: 915368159}
    m_Modifications:
    - target: {fileID: 400000, guid: d99ffc8073d25dd49baf92eb19d98f91, type: 3}
      propertyPath: m_LocalPosition.x
      value: 76.1660385
      objectReference: {fileID: 0}
    - target: {fileID: 400000, guid: d99ffc8073d25dd49baf92eb19d98f91, type: 3}
      propertyPath: m_LocalPosition.y
      value: 3.33915997
      objectReference: {fileID: 0}
    - target: {fileID: 400000, guid: d99ffc8073d25dd49baf92eb19d98f91, type: 3}
      propertyPath: m_LocalPosition.z
      value: 84.8757782
      objectReference: {fileID: 0}
    - target: {fileID: 400000, guid: d99ffc8073d25dd49baf92eb19d98f91, type: 3}
      propertyPath: m_LocalRotation.x
      value: 0
      objectReference: {fileID: 0}
    - target: {fileID: 400000, guid: d99ffc8073d25dd49baf92eb19d98f91, type: 3}
      propertyPath: m_LocalRotation.y
      value: -.260105193
      objectReference: {fileID: 0}
    - target: {fileID: 400000, guid: d99ffc8073d25dd49baf92eb19d98f91, type: 3}
      propertyPath: m_LocalRotation.z
      value: 0
      objectReference: {fileID: 0}
    - target: {fileID: 400000, guid: d99ffc8073d25dd49baf92eb19d98f91, type: 3}
      propertyPath: m_LocalRotation.w
      value: .965580344
      objectReference: {fileID: 0}
    - target: {fileID: 400000, guid: d99ffc8073d25dd49baf92eb19d98f91, type: 3}
      propertyPath: m_RootMapOrder
      value: 
      objectReference: {fileID: 0}
    - target: {fileID: 400000, guid: d99ffc8073d25dd49baf92eb19d98f91, type: 3}
      propertyPath: m_RootOrder
      value: 4
      objectReference: {fileID: 0}
    - target: {fileID: 400000, guid: d99ffc8073d25dd49baf92eb19d98f91, type: 3}
      propertyPath: m_LocalScale.x
      value: 1
      objectReference: {fileID: 0}
    m_RemovedComponents: []
  m_ParentPrefab: {fileID: 100100000, guid: d99ffc8073d25dd49baf92eb19d98f91, type: 3}
  m_IsPrefabParent: 0
--- !u!4 &1525879788 stripped
Transform:
  m_PrefabParentObject: {fileID: 400000, guid: d99ffc8073d25dd49baf92eb19d98f91, type: 3}
  m_PrefabInternal: {fileID: 1525879787}
--- !u!1 &1689080197
GameObject:
  m_ObjectHideFlags: 0
  m_PrefabParentObject: {fileID: 0}
  m_PrefabInternal: {fileID: 0}
  serializedVersion: 4
  m_Component:
  - 4: {fileID: 1689080198}
  - 108: {fileID: 1689080199}
  m_Layer: 0
  m_Name: Directional light
  m_TagString: Untagged
  m_Icon: {fileID: 0}
  m_NavMeshLayer: 0
  m_StaticEditorFlags: 0
  m_IsActive: 1
--- !u!4 &1689080198
Transform:
  m_ObjectHideFlags: 0
  m_PrefabParentObject: {fileID: 0}
  m_PrefabInternal: {fileID: 0}
  m_GameObject: {fileID: 1689080197}
  m_LocalRotation: {x: 0.18518798, y: -0.8146632, z: 0.37988368, w: 0.39713693}
  m_LocalPosition: {x: 0.00003361702, y: 22.960405, z: 5.604535}
  m_LocalScale: {x: 1, y: 1, z: 1}
  m_Children: []
  m_Father: {fileID: 378861966}
  m_RootOrder: 2
--- !u!108 &1689080199
Light:
  m_ObjectHideFlags: 0
  m_PrefabParentObject: {fileID: 0}
  m_PrefabInternal: {fileID: 0}
  m_GameObject: {fileID: 1689080197}
  m_Enabled: 1
  serializedVersion: 6
  m_Type: 1
  m_Color: {r: 1, g: 1, b: 1, a: 1}
  m_Intensity: 1.34
  m_Range: 10
  m_SpotAngle: 30
  m_CookieSize: 10
  m_Shadows:
    m_Type: 1
    m_Resolution: -1
    m_Strength: 1
    m_Bias: 0.77
    m_NormalBias: 0.4
    m_NearPlane: 0.2
  m_Cookie: {fileID: 0}
  m_DrawHalo: 0
  m_Flare: {fileID: 0}
  m_RenderMode: 0
  m_CullingMask:
    serializedVersion: 2
    m_Bits: 4294967295
  m_Lightmapping: 1
  m_BounceIntensity: 1
  m_ShadowRadius: 0
  m_ShadowAngle: 0
  m_AreaSize: {x: 1, y: 1}
--- !u!1001 &1709786620
Prefab:
  m_ObjectHideFlags: 0
  serializedVersion: 2
  m_Modification:
    m_TransformParent: {fileID: 829030551}
    m_Modifications:
    - target: {fileID: 400004, guid: 93d63ee9864cb4d63a5ba1ecf3886b8b, type: 2}
      propertyPath: m_LocalPosition.x
      value: .100000001
      objectReference: {fileID: 0}
    - target: {fileID: 400004, guid: 93d63ee9864cb4d63a5ba1ecf3886b8b, type: 2}
      propertyPath: m_LocalPosition.y
      value: 0
      objectReference: {fileID: 0}
    - target: {fileID: 400004, guid: 93d63ee9864cb4d63a5ba1ecf3886b8b, type: 2}
      propertyPath: m_LocalPosition.z
      value: -197.399994
      objectReference: {fileID: 0}
    - target: {fileID: 400004, guid: 93d63ee9864cb4d63a5ba1ecf3886b8b, type: 2}
      propertyPath: m_LocalRotation.x
      value: 0
      objectReference: {fileID: 0}
    - target: {fileID: 400004, guid: 93d63ee9864cb4d63a5ba1ecf3886b8b, type: 2}
      propertyPath: m_LocalRotation.y
      value: 0
      objectReference: {fileID: 0}
    - target: {fileID: 400004, guid: 93d63ee9864cb4d63a5ba1ecf3886b8b, type: 2}
      propertyPath: m_LocalRotation.z
      value: 0
      objectReference: {fileID: 0}
    - target: {fileID: 400004, guid: 93d63ee9864cb4d63a5ba1ecf3886b8b, type: 2}
      propertyPath: m_LocalRotation.w
      value: 1
      objectReference: {fileID: 0}
    - target: {fileID: 400004, guid: 93d63ee9864cb4d63a5ba1ecf3886b8b, type: 2}
      propertyPath: m_LocalScale.x
      value: 1.00336003
      objectReference: {fileID: 0}
    - target: {fileID: 400004, guid: 93d63ee9864cb4d63a5ba1ecf3886b8b, type: 2}
      propertyPath: m_LocalScale.y
      value: 1.00336003
      objectReference: {fileID: 0}
    - target: {fileID: 400004, guid: 93d63ee9864cb4d63a5ba1ecf3886b8b, type: 2}
      propertyPath: m_LocalScale.z
      value: 1.00336003
      objectReference: {fileID: 0}
    - target: {fileID: 400004, guid: 93d63ee9864cb4d63a5ba1ecf3886b8b, type: 2}
      propertyPath: m_RootOrder
      value: 4
      objectReference: {fileID: 0}
    m_RemovedComponents: []
  m_ParentPrefab: {fileID: 100100000, guid: 93d63ee9864cb4d63a5ba1ecf3886b8b, type: 2}
  m_IsPrefabParent: 0
--- !u!4 &1709786621 stripped
Transform:
  m_PrefabParentObject: {fileID: 400004, guid: 93d63ee9864cb4d63a5ba1ecf3886b8b, type: 2}
  m_PrefabInternal: {fileID: 1709786620}
--- !u!1001 &1753561314
Prefab:
  m_ObjectHideFlags: 0
  serializedVersion: 2
  m_Modification:
    m_TransformParent: {fileID: 915368159}
    m_Modifications:
    - target: {fileID: 400000, guid: 0ae4a260905f01244b424b3cf423285e, type: 3}
      propertyPath: m_LocalPosition.x
      value: 143.594604
      objectReference: {fileID: 0}
    - target: {fileID: 400000, guid: 0ae4a260905f01244b424b3cf423285e, type: 3}
      propertyPath: m_LocalPosition.y
      value: 3.35461426
      objectReference: {fileID: 0}
    - target: {fileID: 400000, guid: 0ae4a260905f01244b424b3cf423285e, type: 3}
      propertyPath: m_LocalPosition.z
      value: 51.2021408
      objectReference: {fileID: 0}
    - target: {fileID: 400000, guid: 0ae4a260905f01244b424b3cf423285e, type: 3}
      propertyPath: m_LocalRotation.x
      value: 0
      objectReference: {fileID: 0}
    - target: {fileID: 400000, guid: 0ae4a260905f01244b424b3cf423285e, type: 3}
      propertyPath: m_LocalRotation.y
      value: -.740741551
      objectReference: {fileID: 0}
    - target: {fileID: 400000, guid: 0ae4a260905f01244b424b3cf423285e, type: 3}
      propertyPath: m_LocalRotation.z
      value: 0
      objectReference: {fileID: 0}
    - target: {fileID: 400000, guid: 0ae4a260905f01244b424b3cf423285e, type: 3}
      propertyPath: m_LocalRotation.w
      value: .671790123
      objectReference: {fileID: 0}
    - target: {fileID: 400000, guid: 0ae4a260905f01244b424b3cf423285e, type: 3}
      propertyPath: m_RootMapOrder
      value: 
      objectReference: {fileID: 0}
    - target: {fileID: 400000, guid: 0ae4a260905f01244b424b3cf423285e, type: 3}
      propertyPath: m_RootOrder
      value: 5
      objectReference: {fileID: 0}
    - target: {fileID: 100000, guid: 0ae4a260905f01244b424b3cf423285e, type: 3}
      propertyPath: m_Name
      value: Powerpole_cable50M (1)
      objectReference: {fileID: 0}
    - target: {fileID: 400000, guid: 0ae4a260905f01244b424b3cf423285e, type: 3}
      propertyPath: m_LocalScale.z
      value: 1
      objectReference: {fileID: 0}
    m_RemovedComponents: []
  m_ParentPrefab: {fileID: 100100000, guid: 0ae4a260905f01244b424b3cf423285e, type: 3}
  m_IsPrefabParent: 0
--- !u!4 &1753561315 stripped
Transform:
  m_PrefabParentObject: {fileID: 400000, guid: 0ae4a260905f01244b424b3cf423285e, type: 3}
  m_PrefabInternal: {fileID: 1753561314}
--- !u!1001 &1851322012
Prefab:
  m_ObjectHideFlags: 0
  serializedVersion: 2
  m_Modification:
    m_TransformParent: {fileID: 915368159}
    m_Modifications:
    - target: {fileID: 400000, guid: 27c092ecf5970134a86c1876cdf51e8a, type: 3}
      propertyPath: m_LocalPosition.x
      value: 15.3766441
      objectReference: {fileID: 0}
    - target: {fileID: 400000, guid: 27c092ecf5970134a86c1876cdf51e8a, type: 3}
      propertyPath: m_LocalPosition.y
      value: 6.54191971
      objectReference: {fileID: 0}
    - target: {fileID: 400000, guid: 27c092ecf5970134a86c1876cdf51e8a, type: 3}
      propertyPath: m_LocalPosition.z
      value: 54.6883316
      objectReference: {fileID: 0}
    - target: {fileID: 400000, guid: 27c092ecf5970134a86c1876cdf51e8a, type: 3}
      propertyPath: m_LocalRotation.x
      value: 0
      objectReference: {fileID: 0}
    - target: {fileID: 400000, guid: 27c092ecf5970134a86c1876cdf51e8a, type: 3}
      propertyPath: m_LocalRotation.y
      value: .999824226
      objectReference: {fileID: 0}
    - target: {fileID: 400000, guid: 27c092ecf5970134a86c1876cdf51e8a, type: 3}
      propertyPath: m_LocalRotation.z
      value: 0
      objectReference: {fileID: 0}
    - target: {fileID: 400000, guid: 27c092ecf5970134a86c1876cdf51e8a, type: 3}
      propertyPath: m_LocalRotation.w
      value: .0187505297
      objectReference: {fileID: 0}
    - target: {fileID: 400000, guid: 27c092ecf5970134a86c1876cdf51e8a, type: 3}
      propertyPath: m_RootMapOrder
      value: 
      objectReference: {fileID: 0}
    - target: {fileID: 400000, guid: 27c092ecf5970134a86c1876cdf51e8a, type: 3}
      propertyPath: m_RootOrder
      value: 9
      objectReference: {fileID: 0}
    - target: {fileID: 400000, guid: 27c092ecf5970134a86c1876cdf51e8a, type: 3}
      propertyPath: m_LocalScale.x
      value: 1
      objectReference: {fileID: 0}
    m_RemovedComponents: []
  m_ParentPrefab: {fileID: 100100000, guid: 27c092ecf5970134a86c1876cdf51e8a, type: 3}
  m_IsPrefabParent: 0
--- !u!4 &1851322013 stripped
Transform:
  m_PrefabParentObject: {fileID: 400000, guid: 27c092ecf5970134a86c1876cdf51e8a, type: 3}
  m_PrefabInternal: {fileID: 1851322012}
--- !u!1 &1882830257
GameObject:
  m_ObjectHideFlags: 0
  m_PrefabParentObject: {fileID: 100016, guid: f8eb00a394ccb4c6997d3ed3c38c5d44, type: 2}
  m_PrefabInternal: {fileID: 0}
  serializedVersion: 4
  m_Component:
  - 4: {fileID: 1882830258}
  - 20: {fileID: 1882830260}
  - 92: {fileID: 1882830259}
  m_Layer: 0
  m_Name: GUICamera
  m_TagString: Untagged
  m_Icon: {fileID: 0}
  m_NavMeshLayer: 0
  m_StaticEditorFlags: 0
  m_IsActive: 1
--- !u!4 &1882830258
Transform:
  m_ObjectHideFlags: 0
  m_PrefabParentObject: {fileID: 400016, guid: f8eb00a394ccb4c6997d3ed3c38c5d44, type: 2}
  m_PrefabInternal: {fileID: 0}
  m_GameObject: {fileID: 1882830257}
  m_LocalRotation: {x: 0, y: 0, z: 0, w: 1}
  m_LocalPosition: {x: 0, y: 0, z: 0}
  m_LocalScale: {x: 1, y: 1, z: 1}
  m_Children: []
  m_Father: {fileID: 1307231817}
  m_RootOrder: 1
--- !u!92 &1882830259
Behaviour:
  m_ObjectHideFlags: 0
  m_PrefabParentObject: {fileID: 9200000, guid: f8eb00a394ccb4c6997d3ed3c38c5d44,
    type: 2}
  m_PrefabInternal: {fileID: 0}
  m_GameObject: {fileID: 1882830257}
  m_Enabled: 1
--- !u!20 &1882830260
Camera:
  m_ObjectHideFlags: 0
  m_PrefabParentObject: {fileID: 2000000, guid: f8eb00a394ccb4c6997d3ed3c38c5d44,
    type: 2}
  m_PrefabInternal: {fileID: 0}
  m_GameObject: {fileID: 1882830257}
  m_Enabled: 1
  serializedVersion: 2
  m_ClearFlags: 3
  m_BackGroundColor: {r: 1, g: 1, b: 0.4745098, a: 0.019607844}
  m_NormalizedViewPortRect:
    serializedVersion: 2
    x: 0
    y: 0
    width: 1
    height: 1
  near clip plane: 0.3
  far clip plane: 1000
  field of view: 65
  orthographic: 1
  orthographic size: 100
  m_Depth: 2
  m_CullingMask:
    serializedVersion: 2
    m_Bits: 2048
  m_RenderingPath: -1
  m_TargetTexture: {fileID: 0}
  m_TargetDisplay: 0
  m_TargetEye: 3
  m_HDR: 0
  m_OcclusionCulling: 1
  m_StereoConvergence: 10
  m_StereoSeparation: 0.022
  m_StereoMirrorMode: 0
--- !u!1 &1910136189
GameObject:
  m_ObjectHideFlags: 0
  m_PrefabParentObject: {fileID: 0}
  m_PrefabInternal: {fileID: 0}
  serializedVersion: 4
  m_Component:
  - 4: {fileID: 1910136193}
  - 114: {fileID: 1910136192}
  - 114: {fileID: 1910136191}
  - 114: {fileID: 1910136190}
  m_Layer: 0
  m_Name: EventSystem
  m_TagString: Untagged
  m_Icon: {fileID: 0}
  m_NavMeshLayer: 0
  m_StaticEditorFlags: 0
  m_IsActive: 1
--- !u!114 &1910136190
MonoBehaviour:
  m_ObjectHideFlags: 0
  m_PrefabParentObject: {fileID: 0}
  m_PrefabInternal: {fileID: 0}
  m_GameObject: {fileID: 1910136189}
  m_Enabled: 1
  m_EditorHideFlags: 0
  m_Script: {fileID: 1997211142, guid: f5f67c52d1564df4a8936ccd202a3bd8, type: 3}
  m_Name: 
  m_EditorClassIdentifier: 
  m_ForceModuleActive: 0
--- !u!114 &1910136191
MonoBehaviour:
  m_ObjectHideFlags: 0
  m_PrefabParentObject: {fileID: 0}
  m_PrefabInternal: {fileID: 0}
  m_GameObject: {fileID: 1910136189}
  m_Enabled: 1
  m_EditorHideFlags: 0
  m_Script: {fileID: 1077351063, guid: f5f67c52d1564df4a8936ccd202a3bd8, type: 3}
  m_Name: 
  m_EditorClassIdentifier: 
  m_HorizontalAxis: Horizontal
  m_VerticalAxis: Vertical
  m_SubmitButton: Submit
  m_CancelButton: Cancel
  m_InputActionsPerSecond: 10
  m_RepeatDelay: 0.5
  m_ForceModuleActive: 0
--- !u!114 &1910136192
MonoBehaviour:
  m_ObjectHideFlags: 0
  m_PrefabParentObject: {fileID: 0}
  m_PrefabInternal: {fileID: 0}
  m_GameObject: {fileID: 1910136189}
  m_Enabled: 1
  m_EditorHideFlags: 0
  m_Script: {fileID: -619905303, guid: f5f67c52d1564df4a8936ccd202a3bd8, type: 3}
  m_Name: 
  m_EditorClassIdentifier: 
  m_FirstSelected: {fileID: 0}
  m_sendNavigationEvents: 1
  m_DragThreshold: 5
--- !u!4 &1910136193
Transform:
  m_ObjectHideFlags: 0
  m_PrefabParentObject: {fileID: 0}
  m_PrefabInternal: {fileID: 0}
  m_GameObject: {fileID: 1910136189}
  m_LocalRotation: {x: 0, y: 0, z: 0, w: 1}
  m_LocalPosition: {x: 0, y: 0, z: 0}
  m_LocalScale: {x: 1, y: 1, z: 1}
  m_Children: []
  m_Father: {fileID: 0}
  m_RootOrder: 0
--- !u!1 &1925223362
GameObject:
  m_ObjectHideFlags: 0
  m_PrefabParentObject: {fileID: 0}
  m_PrefabInternal: {fileID: 0}
  serializedVersion: 4
  m_Component:
  - 4: {fileID: 1925223363}
  - 33: {fileID: 1925223370}
  - 23: {fileID: 1925223369}
  - 114: {fileID: 1925223368}
  - 54: {fileID: 1925223367}
  - 82: {fileID: 1925223366}
  - 135: {fileID: 1925223365}
  - 114: {fileID: 1925223364}
  m_Layer: 12
  m_Name: Ball
  m_TagString: Player
  m_Icon: {fileID: 0}
  m_NavMeshLayer: 0
  m_StaticEditorFlags: 0
  m_IsActive: 1
--- !u!4 &1925223363
Transform:
  m_ObjectHideFlags: 0
  m_PrefabParentObject: {fileID: 0}
  m_PrefabInternal: {fileID: 0}
  m_GameObject: {fileID: 1925223362}
  m_LocalRotation: {x: 0, y: 0, z: 0, w: 1}
  m_LocalPosition: {x: 3.1, y: 34.33, z: -236.9}
  m_LocalScale: {x: 10, y: 10, z: 10}
  m_Children:
  - {fileID: 645804067}
  m_Father: {fileID: 829030551}
  m_RootOrder: 0
--- !u!114 &1925223364
MonoBehaviour:
  m_ObjectHideFlags: 0
  m_PrefabParentObject: {fileID: 0}
  m_PrefabInternal: {fileID: 0}
  m_GameObject: {fileID: 1925223362}
  m_Enabled: 1
  m_EditorHideFlags: 0
  m_Script: {fileID: 11500000, guid: a2816d47e7d2d493dab89bbbc033df60, type: 3}
  m_Name: 
  m_EditorClassIdentifier: 
  volScalar: 1
  useUpdate: 1
--- !u!135 &1925223365
SphereCollider:
  m_ObjectHideFlags: 0
  m_PrefabParentObject: {fileID: 0}
  m_PrefabInternal: {fileID: 0}
  m_GameObject: {fileID: 1925223362}
  m_Material: {fileID: 13400000, guid: cbc45ef4418608e43a58b4b4d3afff3e, type: 2}
  m_IsTrigger: 0
  m_Enabled: 1
  serializedVersion: 2
  m_Radius: 0.213
  m_Center: {x: 0, y: 0, z: 0}
--- !u!82 &1925223366
AudioSource:
  m_ObjectHideFlags: 0
  m_PrefabParentObject: {fileID: 0}
  m_PrefabInternal: {fileID: 0}
  m_GameObject: {fileID: 1925223362}
  m_Enabled: 1
  serializedVersion: 4
  OutputAudioMixerGroup: {fileID: 0}
  m_audioClip: {fileID: 0}
  m_PlayOnAwake: 0
  m_Volume: 1
  m_Pitch: 1
  Loop: 0
  Mute: 0
  Spatialize: 0
  Priority: 128
  DopplerLevel: 1
  MinDistance: 1
  MaxDistance: 500
  Pan2D: 0
  rolloffMode: 2
  BypassEffects: 0
  BypassListenerEffects: 0
  BypassReverbZones: 0
  rolloffCustomCurve:
    serializedVersion: 2
    m_Curve:
    - time: 0
      value: 1
      inSlope: 7e-43
      outSlope: 4.62428e-36
      tangentMode: 0
    - time: 0.00020000001
      value: 1
      inSlope: 0
      outSlope: 0
      tangentMode: 0
    - time: 0.00040000002
      value: 1
      inSlope: 0
      outSlope: 0
      tangentMode: 0
    - time: 0.00080000004
      value: 1
      inSlope: 0
      outSlope: 0
      tangentMode: 0
    - time: 0.0016000001
      value: 1
      inSlope: 0
      outSlope: 0
      tangentMode: 0
    - time: 0.0032000002
      value: 0.9433962
      inSlope: -45.18181
      outSlope: -43.838097
      tangentMode: 0
    - time: 0.0064000003
      value: 0.8196721
      inSlope: -34.49805
      outSlope: -32.734497
      tangentMode: 0
    - time: 0.012800001
      value: 0.64935064
      inSlope: -21.996954
      outSlope: -20.241596
      tangentMode: 0
    - time: 0.025600001
      value: 0.4587156
      inSlope: -11.177279
      outSlope: -9.937514
      tangentMode: 0
    - time: 0.051200002
      value: 0.28901735
      inSlope: -4.5102553
      outSlope: -3.8888245
      tangentMode: 0
    - time: 0.102400005
      value: 0.16611296
      inSlope: -1.5079232
      outSlope: -1.2715317
      tangentMode: 0
    - time: 0.20480001
      value: 0.08976661
      inSlope: -0.44368607
      outSlope: -0.3689849
      tangentMode: 0
    - time: 0.40960002
      value: 0.046772685
      inSlope: -0.12097207
      outSlope: -0.09982222
      tangentMode: 0
    - time: 0.81920004
      value: 0.023889154
      inSlope: -0.031629518
      outSlope: -0.025991336
      tangentMode: 0
    - time: 1
      value: 0.019646365
      inSlope: 7e-43
      outSlope: 4.62428e-36
      tangentMode: 0
    m_PreInfinity: 2
    m_PostInfinity: 2
    m_RotationOrder: 4
  panLevelCustomCurve:
    serializedVersion: 2
    m_Curve:
    - time: 0
      value: 1
      inSlope: 0
      outSlope: 0
      tangentMode: 0
    m_PreInfinity: 2
    m_PostInfinity: 2
    m_RotationOrder: 4
  spreadCustomCurve:
    serializedVersion: 2
    m_Curve:
    - time: 0
      value: 0
      inSlope: 0
      outSlope: 0
      tangentMode: 0
    m_PreInfinity: 2
    m_PostInfinity: 2
    m_RotationOrder: 4
  reverbZoneMixCustomCurve:
    serializedVersion: 2
    m_Curve:
    - time: 0
      value: 1
      inSlope: 0
      outSlope: 0
      tangentMode: 0
    m_PreInfinity: 2
    m_PostInfinity: 2
    m_RotationOrder: 4
--- !u!54 &1925223367
Rigidbody:
  m_ObjectHideFlags: 0
  m_PrefabParentObject: {fileID: 0}
  m_PrefabInternal: {fileID: 0}
  m_GameObject: {fileID: 1925223362}
  serializedVersion: 2
  m_Mass: 3.84
  m_Drag: 0.1
  m_AngularDrag: 0.1
  m_UseGravity: 1
  m_IsKinematic: 0
  m_Interpolate: 1
  m_Constraints: 0
  m_CollisionDetection: 1
--- !u!114 &1925223368
MonoBehaviour:
  m_ObjectHideFlags: 0
  m_PrefabParentObject: {fileID: 0}
  m_PrefabInternal: {fileID: 0}
  m_GameObject: {fileID: 1925223362}
  m_Enabled: 1
  m_EditorHideFlags: 0
  m_Script: {fileID: 11500000, guid: 2d8a28e8d7bcd4f38a64fc3fca23a649, type: 3}
  m_Name: 
  m_EditorClassIdentifier: 
  fireButtonTex: {fileID: 2800000, guid: ae3d7049cbf2a421e8240105070db2b3, type: 3}
  initalMode: 1
  m_ballMode: 0
  rotateSpeed: 1.5
  minPower: 0.00625
  maxPower: 1
  powerScale: 0.1
  m_currentPower: 0
  ballForce: 17500
  fallTime: 2
  minRollTime: 1.2
  maxRollTime: 3
  minVelocity: 0.05
  minAngularVelocity: 5.6
  requiredStoppedTime: 1
  greenTex: {fileID: 2800000, guid: df067abbabd2a463b9382ba5bde158de, type: 3}
  redTex: {fileID: 2800000, guid: be5689c36f3e7416aa807a38f0dee5ca, type: 3}
  wallHitAC: {fileID: 8300000, guid: 215377022702b43bbb0dc4ad2e148965, type: 3}
  strokeAC: {fileID: 8300000, guid: a7004710a1250429c97cedf4b3611914, type: 3}
  slowDownDrag: 1.25
  slowDownAngularDrag: 0.5
  useSuperBounce: 0
  wallBoostTime: 1
  wallBoostScalar: 1.25
  ballPhysicsMat: {fileID: 13400000, guid: cbc45ef4418608e43a58b4b4d3afff3e, type: 2}
  onTeeSpeed: 12
  teeBounds: {x: -2, y: 2, z: -1, w: 1}
  onWallHitGO: {fileID: 100000, guid: 9c5bd6070cd5d481abdb8755ff51fd7a, type: 2}
  onWaterHitGO: {fileID: 100000, guid: caf20877f7cce4351a9b1cfef8dcd186, type: 2}
  birdsEye: {fileID: 0}
  powerSpeedChange: 0.55
  repeatButtonGS:
    m_Name: 
    m_Normal:
      m_Background: {fileID: 0}
      m_TextColor: {r: 0, g: 0, b: 0, a: 1}
    m_Hover:
      m_Background: {fileID: 0}
      m_TextColor: {r: 0, g: 0, b: 0, a: 1}
    m_Active:
      m_Background: {fileID: 0}
      m_TextColor: {r: 0, g: 0, b: 0, a: 1}
    m_Focused:
      m_Background: {fileID: 0}
      m_TextColor: {r: 0, g: 0, b: 0, a: 1}
    m_OnNormal:
      m_Background: {fileID: 0}
      m_TextColor: {r: 0, g: 0, b: 0, a: 1}
    m_OnHover:
      m_Background: {fileID: 0}
      m_TextColor: {r: 0, g: 0, b: 0, a: 1}
    m_OnActive:
      m_Background: {fileID: 0}
      m_TextColor: {r: 0, g: 0, b: 0, a: 1}
    m_OnFocused:
      m_Background: {fileID: 0}
      m_TextColor: {r: 0, g: 0, b: 0, a: 1}
    m_Border:
      m_Left: 0
      m_Right: 0
      m_Top: 0
      m_Bottom: 0
    m_Margin:
      m_Left: 0
      m_Right: 0
      m_Top: 0
      m_Bottom: 0
    m_Padding:
      m_Left: 0
      m_Right: 0
      m_Top: 0
      m_Bottom: 0
    m_Overflow:
      m_Left: 0
      m_Right: 0
      m_Top: 0
      m_Bottom: 0
    m_Font: {fileID: 0}
    m_FontSize: 0
    m_FontStyle: 0
    m_Alignment: 0
    m_WordWrap: 0
    m_RichText: 1
    m_TextClipping: 0
    m_ImagePosition: 0
    m_ContentOffset: {x: 0, y: 0}
    m_FixedWidth: 0
    m_FixedHeight: 0
    m_StretchWidth: 1
    m_StretchHeight: 0
  aimDisabled: 0
--- !u!23 &1925223369
MeshRenderer:
  m_ObjectHideFlags: 0
  m_PrefabParentObject: {fileID: 0}
  m_PrefabInternal: {fileID: 0}
  m_GameObject: {fileID: 1925223362}
  m_Enabled: 1
  m_CastShadows: 0
  m_ReceiveShadows: 1
  m_Materials:
  - {fileID: 2100000, guid: d3443ac707f3e5347a390c0eda90c81a, type: 2}
  m_SubsetIndices: 
  m_StaticBatchRoot: {fileID: 0}
  m_UseLightProbes: 0
  m_ReflectionProbeUsage: 1
  m_ProbeAnchor: {fileID: 0}
  m_ScaleInLightmap: 1
  m_PreserveUVs: 0
  m_IgnoreNormalsForChartDetection: 0
  m_ImportantGI: 0
  m_MinimumChartSize: 4
  m_AutoUVMaxDistance: 0.5
  m_AutoUVMaxAngle: 89
  m_LightmapParameters: {fileID: 0}
  m_SortingLayerID: 0
  m_SortingOrder: 0
--- !u!33 &1925223370
MeshFilter:
  m_ObjectHideFlags: 0
  m_PrefabParentObject: {fileID: 0}
  m_PrefabInternal: {fileID: 0}
  m_GameObject: {fileID: 1925223362}
  m_Mesh: {fileID: 4300000, guid: 08feb961463a3534fac0e17a47ff75a9, type: 3}
--- !u!1001 &2046268343
Prefab:
  m_ObjectHideFlags: 0
  serializedVersion: 2
  m_Modification:
    m_TransformParent: {fileID: 915368159}
    m_Modifications:
    - target: {fileID: 400000, guid: 3e457484fb2ce0f409f1808b13af69c3, type: 3}
      propertyPath: m_LocalPosition.x
      value: 58.9748459
      objectReference: {fileID: 0}
    - target: {fileID: 400000, guid: 3e457484fb2ce0f409f1808b13af69c3, type: 3}
      propertyPath: m_LocalPosition.y
      value: 5.62273407
      objectReference: {fileID: 0}
    - target: {fileID: 400000, guid: 3e457484fb2ce0f409f1808b13af69c3, type: 3}
      propertyPath: m_LocalPosition.z
      value: 53.8413582
      objectReference: {fileID: 0}
    - target: {fileID: 400000, guid: 3e457484fb2ce0f409f1808b13af69c3, type: 3}
      propertyPath: m_LocalRotation.x
      value: 0
      objectReference: {fileID: 0}
    - target: {fileID: 400000, guid: 3e457484fb2ce0f409f1808b13af69c3, type: 3}
      propertyPath: m_LocalRotation.y
      value: .973975062
      objectReference: {fileID: 0}
    - target: {fileID: 400000, guid: 3e457484fb2ce0f409f1808b13af69c3, type: 3}
      propertyPath: m_LocalRotation.z
      value: 0
      objectReference: {fileID: 0}
    - target: {fileID: 400000, guid: 3e457484fb2ce0f409f1808b13af69c3, type: 3}
      propertyPath: m_LocalRotation.w
      value: .226655364
      objectReference: {fileID: 0}
    - target: {fileID: 400000, guid: 3e457484fb2ce0f409f1808b13af69c3, type: 3}
      propertyPath: m_RootMapOrder
      value: 
      objectReference: {fileID: 0}
    - target: {fileID: 400000, guid: 3e457484fb2ce0f409f1808b13af69c3, type: 3}
      propertyPath: m_RootOrder
      value: 12
      objectReference: {fileID: 0}
    - target: {fileID: 400000, guid: 3e457484fb2ce0f409f1808b13af69c3, type: 3}
      propertyPath: m_LocalScale.x
      value: 1
      objectReference: {fileID: 0}
    m_RemovedComponents: []
  m_ParentPrefab: {fileID: 100100000, guid: 3e457484fb2ce0f409f1808b13af69c3, type: 3}
  m_IsPrefabParent: 0
--- !u!4 &2046268344 stripped
Transform:
  m_PrefabParentObject: {fileID: 400000, guid: 3e457484fb2ce0f409f1808b13af69c3, type: 3}
  m_PrefabInternal: {fileID: 2046268343}
