%YAML 1.1
%TAG !u! tag:unity3d.com,2011:
--- !u!29 &1
SceneSettings:
  m_ObjectHideFlags: 0
  m_PVSData: 
  m_PVSObjectsArray: []
  m_PVSPortalsArray: []
  m_OcclusionBakeSettings:
    smallestOccluder: 5
    smallestHole: .25
    backfaceThreshold: 100
--- !u!104 &2
RenderSettings:
  m_ObjectHideFlags: 0
  serializedVersion: 6
  m_Fog: 0
  m_FogColor: {r: .5, g: .5, b: .5, a: 1}
  m_FogMode: 3
  m_FogDensity: .00999999978
  m_LinearFogStart: 0
  m_LinearFogEnd: 300
  m_AmbientSkyColor: {r: .200000003, g: .200000003, b: .200000003, a: 1}
  m_AmbientEquatorColor: {r: .200000003, g: .200000003, b: .200000003, a: 1}
  m_AmbientGroundColor: {r: .200000003, g: .200000003, b: .200000003, a: 1}
  m_AmbientIntensity: 1
  m_AmbientMode: 3
  m_SkyboxMaterial: {fileID: 2100000, guid: 717bd122515ce89499c2f196640de62a, type: 2}
  m_HaloStrength: .5
  m_FlareStrength: 1
  m_FlareFadeSpeed: 3
  m_HaloTexture: {fileID: 0}
  m_SpotCookie: {fileID: 10001, guid: 0000000000000000e000000000000000, type: 0}
  m_DefaultReflectionMode: 0
  m_DefaultReflectionResolution: 128
  m_ReflectionBounces: 1
  m_ReflectionIntensity: 1
  m_CustomReflection: {fileID: 0}
  m_Sun: {fileID: 0}
--- !u!157 &4
LightmapSettings:
  m_ObjectHideFlags: 0
  serializedVersion: 5
  m_GIWorkflowMode: 1
  m_LightmapsMode: 1
  m_GISettings:
    serializedVersion: 2
    m_BounceScale: 1
    m_IndirectOutputScale: 1
    m_AlbedoBoost: 1
    m_TemporalCoherenceThreshold: 1
    m_EnvironmentLightingMode: 0
    m_EnableBakedLightmaps: 1
    m_EnableRealtimeLightmaps: 0
  m_LightmapEditorSettings:
    serializedVersion: 3
    m_Resolution: 1
    m_BakeResolution: 50
    m_TextureWidth: 1024
    m_TextureHeight: 1024
    m_AOMaxDistance: 1
    m_Padding: 2
    m_CompAOExponent: 0
    m_LightmapParameters: {fileID: 0}
    m_TextureCompression: 0
    m_FinalGather: 0
    m_FinalGatherRayCount: 1024
    m_ReflectionCompression: 2
  m_LightmapSnapshot: {fileID: 0}
  m_RuntimeCPUUsage: 25
--- !u!196 &5
NavMeshSettings:
  serializedVersion: 2
  m_ObjectHideFlags: 0
  m_BuildSettings:
    serializedVersion: 2
    agentRadius: .5
    agentHeight: 2
    agentSlope: 45
    agentClimb: .400000006
    ledgeDropHeight: 0
    maxJumpAcrossDistance: 0
    accuratePlacement: 0
    minRegionArea: 2
    cellSize: .166666657
    manualCellSize: 0
  m_NavMeshData: {fileID: 0}
--- !u!1 &23570294
GameObject:
  m_ObjectHideFlags: 0
  m_PrefabParentObject: {fileID: 100002, guid: 55275d55d3b904062a94edb227e0037f, type: 2}
  m_PrefabInternal: {fileID: 0}
  serializedVersion: 4
  m_Component:
  - 4: {fileID: 23570295}
  - 33: {fileID: 23570298}
  - 23: {fileID: 23570297}
  - 64: {fileID: 23570296}
  m_Layer: 0
  m_Name: tile10_floor
  m_TagString: Untagged
  m_Icon: {fileID: 0}
  m_NavMeshLayer: 0
  m_StaticEditorFlags: 4294967295
  m_IsActive: 1
--- !u!4 &23570295
Transform:
  m_ObjectHideFlags: 0
  m_PrefabParentObject: {fileID: 400002, guid: 55275d55d3b904062a94edb227e0037f, type: 2}
  m_PrefabInternal: {fileID: 0}
  m_GameObject: {fileID: 23570294}
  m_LocalRotation: {x: -.707106829, y: 0, z: -0, w: .707106829}
  m_LocalPosition: {x: .000247955322, y: 17.9619789, z: -99.236084}
  m_LocalScale: {x: 1, y: 1, z: 1}
  m_Children: []
  m_Father: {fileID: 452800464}
  m_RootOrder: 0
--- !u!64 &23570296
MeshCollider:
  m_ObjectHideFlags: 0
  m_PrefabParentObject: {fileID: 6400002, guid: 55275d55d3b904062a94edb227e0037f,
    type: 2}
  m_PrefabInternal: {fileID: 0}
  m_GameObject: {fileID: 23570294}
  m_Material: {fileID: 13400000, guid: 5410a64fad11e8d6d00011d98d76c639, type: 2}
  m_IsTrigger: 0
  m_Enabled: 1
  serializedVersion: 2
  m_Convex: 0
  m_Mesh: {fileID: 4300002, guid: 52bd6ed38de9947388a8b569567f876b, type: 3}
--- !u!23 &23570297
MeshRenderer:
  m_ObjectHideFlags: 0
  m_PrefabParentObject: {fileID: 2300002, guid: 55275d55d3b904062a94edb227e0037f,
    type: 2}
  m_PrefabInternal: {fileID: 0}
  m_GameObject: {fileID: 23570294}
  m_Enabled: 1
  m_CastShadows: 1
  m_ReceiveShadows: 1
  m_Materials:
  - {fileID: 2100000, guid: 5504b3f852abd4a9aba674539e4c876e, type: 2}
  m_SubsetIndices: 
  m_StaticBatchRoot: {fileID: 0}
  m_UseLightProbes: 0
  m_ReflectionProbeUsage: 1
  m_ProbeAnchor: {fileID: 0}
  m_ScaleInLightmap: 1
  m_PreserveUVs: 0
  m_ImportantGI: 0
  m_AutoUVMaxDistance: .5
  m_AutoUVMaxAngle: 89
  m_LightmapParameters: {fileID: 0}
  m_SortingLayerID: 0
  m_SortingOrder: 0
--- !u!33 &23570298
MeshFilter:
  m_ObjectHideFlags: 0
  m_PrefabParentObject: {fileID: 3300002, guid: 55275d55d3b904062a94edb227e0037f,
    type: 2}
  m_PrefabInternal: {fileID: 0}
  m_GameObject: {fileID: 23570294}
  m_Mesh: {fileID: 4300002, guid: 52bd6ed38de9947388a8b569567f876b, type: 3}
--- !u!1 &45929539
GameObject:
  m_ObjectHideFlags: 0
  m_PrefabParentObject: {fileID: 100000, guid: 6d594cf13c24248169045688348f08a2, type: 2}
  m_PrefabInternal: {fileID: 0}
  serializedVersion: 4
  m_Component:
  - 4: {fileID: 45929540}
  - 33: {fileID: 45929547}
  - 23: {fileID: 45929546}
  - 114: {fileID: 45929545}
  - 54: {fileID: 45929544}
  - 82: {fileID: 45929543}
  - 135: {fileID: 45929542}
  - 114: {fileID: 45929541}
  m_Layer: 12
  m_Name: Ball
  m_TagString: Player
  m_Icon: {fileID: 0}
  m_NavMeshLayer: 0
  m_StaticEditorFlags: 0
  m_IsActive: 1
--- !u!4 &45929540
Transform:
  m_ObjectHideFlags: 0
  m_PrefabParentObject: {fileID: 400004, guid: 6d594cf13c24248169045688348f08a2, type: 2}
  m_PrefabInternal: {fileID: 0}
  m_GameObject: {fileID: 45929539}
  m_LocalRotation: {x: 0, y: 1, z: 0, w: -1.62920685e-07}
  m_LocalPosition: {x: 2.46174335, y: 4.1545372, z: -.971549988}
  m_LocalScale: {x: 1, y: 1, z: 1}
  m_Children:
  - {fileID: 2007462301}
  m_Father: {fileID: 1319507918}
  m_RootOrder: 0
--- !u!114 &45929541
MonoBehaviour:
  m_ObjectHideFlags: 0
  m_PrefabParentObject: {fileID: 11400000, guid: 6d594cf13c24248169045688348f08a2,
    type: 2}
  m_PrefabInternal: {fileID: 0}
  m_GameObject: {fileID: 45929539}
  m_Enabled: 1
  m_EditorHideFlags: 0
  m_Script: {fileID: 11500000, guid: a2816d47e7d2d493dab89bbbc033df60, type: 3}
  m_Name: 
  m_EditorClassIdentifier: 
  volScalar: 1
  useUpdate: 1
--- !u!135 &45929542
SphereCollider:
  m_ObjectHideFlags: 0
  m_PrefabParentObject: {fileID: 13500000, guid: 6d594cf13c24248169045688348f08a2,
    type: 2}
  m_PrefabInternal: {fileID: 0}
  m_GameObject: {fileID: 45929539}
  m_Material: {fileID: 13400000, guid: cbc45ef4418608e43a58b4b4d3afff3e, type: 2}
  m_IsTrigger: 0
  m_Enabled: 1
  serializedVersion: 2
  m_Radius: .213
  m_Center: {x: 0, y: 0, z: 0}
--- !u!82 &45929543
AudioSource:
  m_ObjectHideFlags: 0
  m_PrefabParentObject: {fileID: 8200000, guid: 6d594cf13c24248169045688348f08a2,
    type: 2}
  m_PrefabInternal: {fileID: 0}
  m_GameObject: {fileID: 45929539}
  m_Enabled: 1
  serializedVersion: 4
  OutputAudioMixerGroup: {fileID: 0}
  m_audioClip: {fileID: 0}
  m_PlayOnAwake: 0
  m_Volume: 1
  m_Pitch: 1
  Loop: 0
  Mute: 0
  Spatialize: 0
  Priority: 128
  DopplerLevel: 1
  MinDistance: 1
  MaxDistance: 500
  Pan2D: 0
  rolloffMode: 2
  BypassEffects: 0
  BypassListenerEffects: 0
  BypassReverbZones: 0
  rolloffCustomCurve:
    serializedVersion: 2
    m_Curve:
    - time: 0
      value: 1
      inSlope: 7.00649232e-43
      outSlope: 4.62427991e-36
      tangentMode: 0
    - time: .000200000009
      value: 1
      inSlope: 0
      outSlope: 0
      tangentMode: 0
    - time: .000400000019
      value: 1
      inSlope: 0
      outSlope: 0
      tangentMode: 0
    - time: .000800000038
      value: 1
      inSlope: 0
      outSlope: 0
      tangentMode: 0
    - time: .00160000008
      value: 1
      inSlope: 0
      outSlope: 0
      tangentMode: 0
    - time: .00320000015
      value: .943396211
      inSlope: -45.1818085
      outSlope: -43.8380966
      tangentMode: 0
    - time: .0064000003
      value: .819672108
      inSlope: -34.4980507
      outSlope: -32.7344971
      tangentMode: 0
    - time: .0128000006
      value: .649350643
      inSlope: -21.996954
      outSlope: -20.2415962
      tangentMode: 0
    - time: .0256000012
      value: .458715588
      inSlope: -11.1772795
      outSlope: -9.93751431
      tangentMode: 0
    - time: .0512000024
      value: .289017349
      inSlope: -4.51025534
      outSlope: -3.88882446
      tangentMode: 0
    - time: .102400005
      value: .166112959
      inSlope: -1.50792325
      outSlope: -1.2715317
      tangentMode: 0
    - time: .20480001
      value: .0897666067
      inSlope: -.443686068
      outSlope: -.368984908
      tangentMode: 0
    - time: .409600019
      value: .0467726849
      inSlope: -.120972067
      outSlope: -.0998222232
      tangentMode: 0
    - time: .819200039
      value: .0238891542
      inSlope: -.0316295177
      outSlope: -.0259913355
      tangentMode: 0
    - time: 1
      value: .0196463652
      inSlope: 7.00649232e-43
      outSlope: 4.62427991e-36
      tangentMode: 0
    m_PreInfinity: 2
    m_PostInfinity: 2
  panLevelCustomCurve:
    serializedVersion: 2
    m_Curve:
    - time: 0
      value: 1
      inSlope: 0
      outSlope: 0
      tangentMode: 0
    m_PreInfinity: 2
    m_PostInfinity: 2
  spreadCustomCurve:
    serializedVersion: 2
    m_Curve:
    - time: 0
      value: 0
      inSlope: 0
      outSlope: 0
      tangentMode: 0
    m_PreInfinity: 2
    m_PostInfinity: 2
  reverbZoneMixCustomCurve:
    serializedVersion: 2
    m_Curve:
    - time: 0
      value: 1
      inSlope: 0
      outSlope: 0
      tangentMode: 0
    m_PreInfinity: 2
    m_PostInfinity: 2
--- !u!54 &45929544
Rigidbody:
  m_ObjectHideFlags: 0
  m_PrefabParentObject: {fileID: 5400000, guid: 6d594cf13c24248169045688348f08a2,
    type: 2}
  m_PrefabInternal: {fileID: 0}
  m_GameObject: {fileID: 45929539}
  serializedVersion: 2
  m_Mass: 3.83999991
  m_Drag: .100000001
  m_AngularDrag: .100000001
  m_UseGravity: 1
  m_IsKinematic: 0
  m_Interpolate: 1
  m_Constraints: 0
  m_CollisionDetection: 1
--- !u!114 &45929545
MonoBehaviour:
  m_ObjectHideFlags: 0
  m_PrefabParentObject: {fileID: 11400002, guid: 6d594cf13c24248169045688348f08a2,
    type: 2}
  m_PrefabInternal: {fileID: 0}
  m_GameObject: {fileID: 45929539}
  m_Enabled: 1
  m_EditorHideFlags: 0
  m_Script: {fileID: 11500000, guid: 2d8a28e8d7bcd4f38a64fc3fca23a649, type: 3}
  m_Name: 
  m_EditorClassIdentifier: 
  fireButtonTex: {fileID: 2800000, guid: ae3d7049cbf2a421e8240105070db2b3, type: 3}
  initalMode: 1
  m_ballMode: 0
  rotateSpeed: 1.5
  minPower: .00625000009
  maxPower: 1
  powerScale: .100000001
  m_currentPower: 0
  ballForce: 17500
  fallTime: 2
  minRollTime: 1.20000005
  maxRollTime: 3
  minVelocity: .0500000007
  minAngularVelocity: 5.5999999
  requiredStoppedTime: 1
  greenTex: {fileID: 2800000, guid: df067abbabd2a463b9382ba5bde158de, type: 3}
  redTex: {fileID: 2800000, guid: be5689c36f3e7416aa807a38f0dee5ca, type: 3}
  wallHitAC: {fileID: 8300000, guid: 215377022702b43bbb0dc4ad2e148965, type: 3}
  strokeAC: {fileID: 8300000, guid: a7004710a1250429c97cedf4b3611914, type: 3}
  slowDownDrag: 1.25
  slowDownAngularDrag: .5
  useSuperBounce: 0
  wallBoostTime: 1
  wallBoostScalar: 1.25
  ballPhysicsMat: {fileID: 13400000, guid: cbc45ef4418608e43a58b4b4d3afff3e, type: 2}
  onTeeSpeed: 12
  teeBounds: {x: -2, y: 2, z: -1, w: 1}
  onWallHitGO: {fileID: 100000, guid: 9c5bd6070cd5d481abdb8755ff51fd7a, type: 2}
  onWaterHitGO: {fileID: 100000, guid: caf20877f7cce4351a9b1cfef8dcd186, type: 2}
  birdsEye: {fileID: 0}
  powerSpeedChange: .550000012
  repeatButtonGS:
    m_Name: 
    m_Normal:
      m_Background: {fileID: 0}
      m_TextColor: {r: 0, g: 0, b: 0, a: 1}
    m_Hover:
      m_Background: {fileID: 0}
      m_TextColor: {r: 0, g: 0, b: 0, a: 1}
    m_Active:
      m_Background: {fileID: 0}
      m_TextColor: {r: 0, g: 0, b: 0, a: 1}
    m_Focused:
      m_Background: {fileID: 0}
      m_TextColor: {r: 0, g: 0, b: 0, a: 1}
    m_OnNormal:
      m_Background: {fileID: 0}
      m_TextColor: {r: 0, g: 0, b: 0, a: 1}
    m_OnHover:
      m_Background: {fileID: 0}
      m_TextColor: {r: 0, g: 0, b: 0, a: 1}
    m_OnActive:
      m_Background: {fileID: 0}
      m_TextColor: {r: 0, g: 0, b: 0, a: 1}
    m_OnFocused:
      m_Background: {fileID: 0}
      m_TextColor: {r: 0, g: 0, b: 0, a: 1}
    m_Border:
      m_Left: 0
      m_Right: 0
      m_Top: 0
      m_Bottom: 0
    m_Margin:
      m_Left: 0
      m_Right: 0
      m_Top: 0
      m_Bottom: 0
    m_Padding:
      m_Left: 0
      m_Right: 0
      m_Top: 0
      m_Bottom: 0
    m_Overflow:
      m_Left: 0
      m_Right: 0
      m_Top: 0
      m_Bottom: 0
    m_Font: {fileID: 0}
    m_FontSize: 0
    m_FontStyle: 0
    m_Alignment: 0
    m_WordWrap: 0
    m_RichText: 1
    m_TextClipping: 0
    m_ImagePosition: 0
    m_ContentOffset: {x: 0, y: 0}
    m_FixedWidth: 0
    m_FixedHeight: 0
    m_StretchWidth: 1
    m_StretchHeight: 0
  aimDisabled: 0
--- !u!23 &45929546
MeshRenderer:
  m_ObjectHideFlags: 0
  m_PrefabParentObject: {fileID: 2300002, guid: 6d594cf13c24248169045688348f08a2,
    type: 2}
  m_PrefabInternal: {fileID: 0}
  m_GameObject: {fileID: 45929539}
  m_Enabled: 1
  m_CastShadows: 0
  m_ReceiveShadows: 1
  m_Materials:
  - {fileID: 2100000, guid: d3443ac707f3e5347a390c0eda90c81a, type: 2}
  m_SubsetIndices: 
  m_StaticBatchRoot: {fileID: 0}
  m_UseLightProbes: 0
  m_ReflectionProbeUsage: 1
  m_ProbeAnchor: {fileID: 0}
  m_ScaleInLightmap: 1
  m_PreserveUVs: 0
  m_ImportantGI: 0
  m_AutoUVMaxDistance: .5
  m_AutoUVMaxAngle: 89
  m_LightmapParameters: {fileID: 0}
  m_SortingLayerID: 0
  m_SortingOrder: 0
--- !u!33 &45929547
MeshFilter:
  m_ObjectHideFlags: 0
  m_PrefabParentObject: {fileID: 3300002, guid: 6d594cf13c24248169045688348f08a2,
    type: 2}
  m_PrefabInternal: {fileID: 0}
  m_GameObject: {fileID: 45929539}
  m_Mesh: {fileID: 4300000, guid: 08feb961463a3534fac0e17a47ff75a9, type: 3}
--- !u!1 &133708710
GameObject:
  m_ObjectHideFlags: 0
  m_PrefabParentObject: {fileID: 100008, guid: 707f271b2a6264ce59d306fa4851ad3f, type: 2}
  m_PrefabInternal: {fileID: 0}
  serializedVersion: 4
  m_Component:
  - 4: {fileID: 133708711}
  m_Layer: 0
  m_Name: GameObject
  m_TagString: Hole
  m_Icon: {fileID: 0}
  m_NavMeshLayer: 0
  m_StaticEditorFlags: 0
  m_IsActive: 1
--- !u!4 &133708711
Transform:
  m_ObjectHideFlags: 0
  m_PrefabParentObject: {fileID: 400008, guid: 707f271b2a6264ce59d306fa4851ad3f, type: 2}
  m_PrefabInternal: {fileID: 0}
  m_GameObject: {fileID: 133708710}
  m_LocalRotation: {x: .707106829, y: 0, z: 0, w: .707106829}
  m_LocalPosition: {x: -.0320506096, y: 16.0043163, z: 25.3707943}
  m_LocalScale: {x: 10, y: 10, z: 10}
  m_Children: []
  m_Father: {fileID: 586705181}
  m_RootOrder: 0
--- !u!1 &201471969
GameObject:
  m_ObjectHideFlags: 0
  m_PrefabParentObject: {fileID: 100004, guid: 6d594cf13c24248169045688348f08a2, type: 2}
  m_PrefabInternal: {fileID: 0}
  serializedVersion: 4
  m_Component:
  - 4: {fileID: 201471970}
  - 33: {fileID: 201471972}
  - 23: {fileID: 201471971}
  m_Layer: 9
  m_Name: Trail
  m_TagString: Untagged
  m_Icon: {fileID: 0}
  m_NavMeshLayer: 0
  m_StaticEditorFlags: 0
  m_IsActive: 1
--- !u!4 &201471970
Transform:
  m_ObjectHideFlags: 0
  m_PrefabParentObject: {fileID: 400000, guid: 6d594cf13c24248169045688348f08a2, type: 2}
  m_PrefabInternal: {fileID: 0}
  m_GameObject: {fileID: 201471969}
  m_LocalRotation: {x: 0, y: 0, z: 0, w: 1}
  m_LocalPosition: {x: 0, y: 0, z: 0}
  m_LocalScale: {x: 1, y: 1, z: 1}
  m_Children: []
  m_Father: {fileID: 2007462301}
  m_RootOrder: 0
--- !u!23 &201471971
MeshRenderer:
  m_ObjectHideFlags: 0
  m_PrefabParentObject: {fileID: 2300000, guid: 6d594cf13c24248169045688348f08a2,
    type: 2}
  m_PrefabInternal: {fileID: 0}
  m_GameObject: {fileID: 201471969}
  m_Enabled: 1
  m_CastShadows: 0
  m_ReceiveShadows: 0
  m_Materials:
  - {fileID: 2100000, guid: d42af26cdf5fb824ba87127b4508e285, type: 2}
  m_SubsetIndices: 
  m_StaticBatchRoot: {fileID: 0}
  m_UseLightProbes: 0
  m_ReflectionProbeUsage: 1
  m_ProbeAnchor: {fileID: 0}
  m_ScaleInLightmap: 1
  m_PreserveUVs: 0
  m_ImportantGI: 0
  m_AutoUVMaxDistance: .5
  m_AutoUVMaxAngle: 89
  m_LightmapParameters: {fileID: 0}
  m_SortingLayerID: 0
  m_SortingOrder: 0
--- !u!33 &201471972
MeshFilter:
  m_ObjectHideFlags: 0
  m_PrefabParentObject: {fileID: 3300000, guid: 6d594cf13c24248169045688348f08a2,
    type: 2}
  m_PrefabInternal: {fileID: 0}
  m_GameObject: {fileID: 201471969}
  m_Mesh: {fileID: 4300000, guid: 291b818cfd83d41469b45ba189b3bd88, type: 3}
--- !u!1 &330146166
GameObject:
  m_ObjectHideFlags: 0
  m_PrefabParentObject: {fileID: 0}
  m_PrefabInternal: {fileID: 0}
  serializedVersion: 4
  m_Component:
  - 4: {fileID: 330146167}
  m_Layer: 0
  m_Name: World
  m_TagString: Untagged
  m_Icon: {fileID: 0}
  m_NavMeshLayer: 0
  m_StaticEditorFlags: 0
  m_IsActive: 1
--- !u!4 &330146167
Transform:
  m_ObjectHideFlags: 0
  m_PrefabParentObject: {fileID: 0}
  m_PrefabInternal: {fileID: 0}
  m_GameObject: {fileID: 330146166}
  m_LocalRotation: {x: 0, y: 0, z: 0, w: 1}
  m_LocalPosition: {x: 0, y: 0, z: 0}
  m_LocalScale: {x: 1, y: 1, z: 1}
  m_Children:
  - {fileID: 1914138029}
  - {fileID: 1145846737}
  - {fileID: 1553861362}
  - {fileID: 1319507918}
  - {fileID: 1457419429}
  - {fileID: 805008679}
  - {fileID: 827314094}
  - {fileID: 1730280817}
  m_Father: {fileID: 0}
  m_RootOrder: 1
--- !u!1 &439896504
GameObject:
  m_ObjectHideFlags: 0
  m_PrefabParentObject: {fileID: 100036, guid: f8eb00a394ccb4c6997d3ed3c38c5d44, type: 2}
  m_PrefabInternal: {fileID: 0}
  serializedVersion: 4
  m_Component:
  - 4: {fileID: 439896505}
  - 114: {fileID: 439896506}
  m_Layer: 0
  m_Name: Startup
  m_TagString: Untagged
  m_Icon: {fileID: 0}
  m_NavMeshLayer: 0
  m_StaticEditorFlags: 0
  m_IsActive: 1
--- !u!4 &439896505
Transform:
  m_ObjectHideFlags: 0
  m_PrefabParentObject: {fileID: 400036, guid: f8eb00a394ccb4c6997d3ed3c38c5d44, type: 2}
  m_PrefabInternal: {fileID: 0}
  m_GameObject: {fileID: 439896504}
  m_LocalRotation: {x: 0, y: 0, z: 0, w: 1}
  m_LocalPosition: {x: 0, y: 0, z: 0}
  m_LocalScale: {x: 1, y: 1, z: 1}
  m_Children:
  - {fileID: 751567554}
  - {fileID: 614397848}
  m_Father: {fileID: 805008679}
  m_RootOrder: 1
--- !u!114 &439896506
MonoBehaviour:
  m_ObjectHideFlags: 0
  m_PrefabParentObject: {fileID: 11400010, guid: f8eb00a394ccb4c6997d3ed3c38c5d44,
    type: 2}
  m_PrefabInternal: {fileID: 0}
  m_GameObject: {fileID: 439896504}
  m_Enabled: 1
  m_EditorHideFlags: 0
  m_Script: {fileID: 11500000, guid: 7931b9b253e434a9ca9552ce86d14215, type: 3}
  m_Name: 
  m_EditorClassIdentifier: 
  prefabDroid: {fileID: 0}
  prefabIOS: {fileID: 0}
  prefab: {fileID: 0}
--- !u!1 &452800463
GameObject:
  m_ObjectHideFlags: 0
  m_PrefabParentObject: {fileID: 100004, guid: 55275d55d3b904062a94edb227e0037f, type: 2}
  m_PrefabInternal: {fileID: 0}
  serializedVersion: 4
  m_Component:
  - 4: {fileID: 452800464}
  - 95: {fileID: 452800465}
  m_Layer: 0
  m_Name: tile10
  m_TagString: Untagged
  m_Icon: {fileID: 0}
  m_NavMeshLayer: 0
  m_StaticEditorFlags: 4294967295
  m_IsActive: 1
--- !u!4 &452800464
Transform:
  m_ObjectHideFlags: 0
  m_PrefabParentObject: {fileID: 400004, guid: 55275d55d3b904062a94edb227e0037f, type: 2}
  m_PrefabInternal: {fileID: 0}
  m_GameObject: {fileID: 452800463}
  m_LocalRotation: {x: 0, y: 0, z: 0, w: 1}
  m_LocalPosition: {x: 0, y: 0, z: 256}
  m_LocalScale: {x: 1, y: 1, z: 1}
  m_Children:
  - {fileID: 23570295}
  m_Father: {fileID: 1914138029}
  m_RootOrder: 1
--- !u!95 &452800465
Animator:
  serializedVersion: 3
  m_ObjectHideFlags: 0
  m_PrefabParentObject: {fileID: 9500000, guid: 55275d55d3b904062a94edb227e0037f,
    type: 2}
  m_PrefabInternal: {fileID: 0}
  m_GameObject: {fileID: 452800463}
  m_Enabled: 1
  m_Avatar: {fileID: 9000000, guid: 52bd6ed38de9947388a8b569567f876b, type: 3}
  m_Controller: {fileID: 0}
  m_CullingMode: 1
  m_UpdateMode: 0
  m_ApplyRootMotion: 1
  m_LinearVelocityBlending: 0
  m_WarningMessage: 
  m_HasTransformHierarchy: 1
  m_AllowConstantClipSamplingOptimization: 1
--- !u!1 &503419763
GameObject:
  m_ObjectHideFlags: 0
  m_PrefabParentObject: {fileID: 100028, guid: f8eb00a394ccb4c6997d3ed3c38c5d44, type: 2}
  m_PrefabInternal: {fileID: 0}
  serializedVersion: 4
  m_Component:
  - 4: {fileID: 503419764}
  - 20: {fileID: 503419766}
  - 92: {fileID: 503419765}
  m_Layer: 0
  m_Name: Camera
  m_TagString: Untagged
  m_Icon: {fileID: 0}
  m_NavMeshLayer: 0
  m_StaticEditorFlags: 0
  m_IsActive: 1
--- !u!4 &503419764
Transform:
  m_ObjectHideFlags: 0
  m_PrefabParentObject: {fileID: 400028, guid: f8eb00a394ccb4c6997d3ed3c38c5d44, type: 2}
  m_PrefabInternal: {fileID: 0}
  m_GameObject: {fileID: 503419763}
  m_LocalRotation: {x: 2.38418579e-07, y: 0, z: 0, w: 1}
  m_LocalPosition: {x: 0, y: 0, z: 0}
  m_LocalScale: {x: 1, y: 1, z: 1}
  m_Children: []
  m_Father: {fileID: 589417299}
  m_RootOrder: 0
--- !u!92 &503419765
Behaviour:
  m_ObjectHideFlags: 0
  m_PrefabParentObject: {fileID: 9200002, guid: f8eb00a394ccb4c6997d3ed3c38c5d44,
    type: 2}
  m_PrefabInternal: {fileID: 0}
  m_GameObject: {fileID: 503419763}
  m_Enabled: 1
--- !u!20 &503419766
Camera:
  m_ObjectHideFlags: 0
  m_PrefabParentObject: {fileID: 2000002, guid: f8eb00a394ccb4c6997d3ed3c38c5d44,
    type: 2}
  m_PrefabInternal: {fileID: 0}
  m_GameObject: {fileID: 503419763}
  m_Enabled: 1
  serializedVersion: 2
  m_ClearFlags: 3
  m_BackGroundColor: {r: 1, g: 1, b: .474509805, a: .0196078438}
  m_NormalizedViewPortRect:
    serializedVersion: 2
    x: 0
    y: 0
    width: 1
    height: 1
  near clip plane: .300000012
  far clip plane: 1000
  field of view: 65
  orthographic: 0
  orthographic size: 100
  m_Depth: 1
  m_CullingMask:
    serializedVersion: 2
    m_Bits: 512
  m_RenderingPath: -1
  m_TargetTexture: {fileID: 0}
  m_TargetDisplay: 0
  m_TargetEye: 3
  m_HDR: 0
  m_OcclusionCulling: 1
  m_StereoConvergence: 10
  m_StereoSeparation: .0219999999
  m_StereoMirrorMode: 0
--- !u!1 &586705180
GameObject:
  m_ObjectHideFlags: 0
  m_PrefabParentObject: {fileID: 100002, guid: 707f271b2a6264ce59d306fa4851ad3f, type: 2}
  m_PrefabInternal: {fileID: 0}
  serializedVersion: 4
  m_Component:
  - 4: {fileID: 586705181}
  - 33: {fileID: 586705186}
  - 23: {fileID: 586705185}
  - 64: {fileID: 586705184}
  - 114: {fileID: 586705183}
  - 65: {fileID: 586705182}
  m_Layer: 10
  m_Name: tile18_hole
  m_TagString: Untagged
  m_Icon: {fileID: 0}
  m_NavMeshLayer: 0
  m_StaticEditorFlags: 4294967295
  m_IsActive: 1
--- !u!4 &586705181
Transform:
  m_ObjectHideFlags: 0
  m_PrefabParentObject: {fileID: 400002, guid: 707f271b2a6264ce59d306fa4851ad3f, type: 2}
  m_PrefabInternal: {fileID: 0}
  m_GameObject: {fileID: 586705180}
  m_LocalRotation: {x: -.707106829, y: 0, z: -0, w: .707106829}
  m_LocalPosition: {x: .000247955322, y: 28.5200043, z: -89.7668762}
  m_LocalScale: {x: 1, y: 1, z: 1}
  m_Children:
  - {fileID: 133708711}
  m_Father: {fileID: 1059259233}
  m_RootOrder: 1
--- !u!65 &586705182
BoxCollider:
  m_ObjectHideFlags: 0
  m_PrefabParentObject: {fileID: 6500000, guid: 707f271b2a6264ce59d306fa4851ad3f,
    type: 2}
  m_PrefabInternal: {fileID: 0}
  m_GameObject: {fileID: 586705180}
  m_Material: {fileID: 0}
  m_IsTrigger: 1
  m_Enabled: 1
  serializedVersion: 2
  m_Size: {x: 15.999999, y: 16.0000038, z: 13.2584333}
  m_Center: {x: -.0320506096, y: 16.0042992, z: 23}
--- !u!114 &586705183
MonoBehaviour:
  m_ObjectHideFlags: 0
  m_PrefabParentObject: {fileID: 11400000, guid: 707f271b2a6264ce59d306fa4851ad3f,
    type: 2}
  m_PrefabInternal: {fileID: 0}
  m_GameObject: {fileID: 586705180}
  m_Enabled: 1
  m_EditorHideFlags: 0
  m_Script: {fileID: 11500000, guid: fc64e0e5bbdf97c43bfa5d5fd45abd33, type: 3}
  m_Name: 
  m_EditorClassIdentifier: 
--- !u!64 &586705184
MeshCollider:
  m_ObjectHideFlags: 0
  m_PrefabParentObject: {fileID: 6400002, guid: 707f271b2a6264ce59d306fa4851ad3f,
    type: 2}
  m_PrefabInternal: {fileID: 0}
  m_GameObject: {fileID: 586705180}
  m_Material: {fileID: 13400000, guid: 67db31eead11e8d6d00011d98d76c639, type: 2}
  m_IsTrigger: 0
  m_Enabled: 1
  serializedVersion: 2
  m_Convex: 0
  m_Mesh: {fileID: 4300004, guid: 19cd740d4662e480ab8c18306c74b538, type: 3}
--- !u!23 &586705185
MeshRenderer:
  m_ObjectHideFlags: 0
  m_PrefabParentObject: {fileID: 2300002, guid: 707f271b2a6264ce59d306fa4851ad3f,
    type: 2}
  m_PrefabInternal: {fileID: 0}
  m_GameObject: {fileID: 586705180}
  m_Enabled: 1
  m_CastShadows: 1
  m_ReceiveShadows: 1
  m_Materials:
  - {fileID: 2100000, guid: 5504b3f852abd4a9aba674539e4c876e, type: 2}
  m_SubsetIndices: 
  m_StaticBatchRoot: {fileID: 0}
  m_UseLightProbes: 0
  m_ReflectionProbeUsage: 1
  m_ProbeAnchor: {fileID: 0}
  m_ScaleInLightmap: 1
  m_PreserveUVs: 0
  m_ImportantGI: 0
  m_AutoUVMaxDistance: .5
  m_AutoUVMaxAngle: 89
  m_LightmapParameters: {fileID: 0}
  m_SortingLayerID: 0
  m_SortingOrder: 0
--- !u!33 &586705186
MeshFilter:
  m_ObjectHideFlags: 0
  m_PrefabParentObject: {fileID: 3300002, guid: 707f271b2a6264ce59d306fa4851ad3f,
    type: 2}
  m_PrefabInternal: {fileID: 0}
  m_GameObject: {fileID: 586705180}
  m_Mesh: {fileID: 4300004, guid: 19cd740d4662e480ab8c18306c74b538, type: 3}
--- !u!1 &589417298
GameObject:
  m_ObjectHideFlags: 0
  m_PrefabParentObject: {fileID: 100038, guid: f8eb00a394ccb4c6997d3ed3c38c5d44, type: 2}
  m_PrefabInternal: {fileID: 0}
  serializedVersion: 4
  m_Component:
  - 4: {fileID: 589417299}
  - 20: {fileID: 589417309}
  - 92: {fileID: 589417308}
  - 124: {fileID: 589417307}
  - 81: {fileID: 589417306}
  - 114: {fileID: 589417305}
  - 114: {fileID: 589417304}
  - 114: {fileID: 589417303}
  - 114: {fileID: 589417302}
  - 114: {fileID: 589417301}
  - 45: {fileID: 589417300}
  m_Layer: 0
  m_Name: Camera
  m_TagString: MainCamera
  m_Icon: {fileID: 0}
  m_NavMeshLayer: 0
  m_StaticEditorFlags: 0
  m_IsActive: 1
--- !u!4 &589417299
Transform:
  m_ObjectHideFlags: 0
  m_PrefabParentObject: {fileID: 400038, guid: f8eb00a394ccb4c6997d3ed3c38c5d44, type: 2}
  m_PrefabInternal: {fileID: 0}
  m_GameObject: {fileID: 589417298}
  m_LocalRotation: {x: .29237169, y: 0, z: 0, w: .956304789}
  m_LocalPosition: {x: 147.873917, y: 44, z: -80}
  m_LocalScale: {x: 1, y: 1, z: 1}
  m_Children:
  - {fileID: 503419764}
  m_Father: {fileID: 1436774392}
  m_RootOrder: 0
--- !u!45 &589417300
Skybox:
  m_ObjectHideFlags: 0
  m_PrefabParentObject: {fileID: 4500000, guid: f8eb00a394ccb4c6997d3ed3c38c5d44,
    type: 2}
  m_PrefabInternal: {fileID: 0}
  m_GameObject: {fileID: 589417298}
  m_Enabled: 0
  m_CustomSkybox: {fileID: 2100000, guid: a2126534b3a11b34e977105bd9e3cc03, type: 2}
--- !u!114 &589417301
MonoBehaviour:
  m_ObjectHideFlags: 0
  m_PrefabParentObject: {fileID: 11400020, guid: f8eb00a394ccb4c6997d3ed3c38c5d44,
    type: 2}
  m_PrefabInternal: {fileID: 0}
  m_GameObject: {fileID: 589417298}
  m_Enabled: 1
  m_EditorHideFlags: 0
  m_Script: {fileID: 11500000, guid: ac58c9593ec1c4012bc3993f069b68c0, type: 3}
  m_Name: 
  m_EditorClassIdentifier: 
  m_on: 0
  rotateTowardsTime: .5
  cameraOffset: {x: 0, y: 55, z: .100000001}
--- !u!114 &589417302
MonoBehaviour:
  m_ObjectHideFlags: 0
  m_PrefabParentObject: {fileID: 11400012, guid: f8eb00a394ccb4c6997d3ed3c38c5d44,
    type: 2}
  m_PrefabInternal: {fileID: 0}
  m_GameObject: {fileID: 589417298}
  m_Enabled: 1
  m_EditorHideFlags: 0
  m_Script: {fileID: 11500000, guid: 3429607681839490d94b1b0072fb039c, type: 3}
  m_Name: 
  m_EditorClassIdentifier: 
  spinSpeed: 10
  cameraOffset: {x: 30, y: 30, z: 30}
  m_on: 0
--- !u!114 &589417303
MonoBehaviour:
  m_ObjectHideFlags: 0
  m_PrefabParentObject: {fileID: 11400014, guid: f8eb00a394ccb4c6997d3ed3c38c5d44,
    type: 2}
  m_PrefabInternal: {fileID: 0}
  m_GameObject: {fileID: 589417298}
  m_Enabled: 1
  m_EditorHideFlags: 0
  m_Script: {fileID: 11500000, guid: 19ecd15cbe3114b45b21cf37f1d54290, type: 3}
  m_Name: 
  m_EditorClassIdentifier: 
  m_on: 0
  lookSlerp: .5
  zOffset: 5
  yOffset: 2
--- !u!114 &589417304
MonoBehaviour:
  m_ObjectHideFlags: 0
  m_PrefabParentObject: {fileID: 11400016, guid: f8eb00a394ccb4c6997d3ed3c38c5d44,
    type: 2}
  m_PrefabInternal: {fileID: 0}
  m_GameObject: {fileID: 589417298}
  m_Enabled: 1
  m_EditorHideFlags: 0
  m_Script: {fileID: 11500000, guid: 5f0c0d0b8b4ca45e2bf48214d3ed3d29, type: 3}
  m_Name: 
  m_EditorClassIdentifier: 
  cameraOffset: {x: 0, y: 4, z: -4}
  targetOffset: {x: 0, y: 2, z: 2}
  m_on: 0
  rotateTowardsTime: .5
  alphaColor: .5
--- !u!114 &589417305
MonoBehaviour:
  m_ObjectHideFlags: 0
  m_PrefabParentObject: {fileID: 11400018, guid: f8eb00a394ccb4c6997d3ed3c38c5d44,
    type: 2}
  m_PrefabInternal: {fileID: 0}
  m_GameObject: {fileID: 589417298}
  m_Enabled: 1
  m_EditorHideFlags: 0
  m_Script: {fileID: 11500000, guid: 2b12effd7f283434898573913b9765df, type: 3}
  m_Name: 
  m_EditorClassIdentifier: 
  spinSpeed: 30
  cameraOffset: {x: 20, y: 20, z: 20}
  m_on: 1
--- !u!81 &589417306
AudioListener:
  m_ObjectHideFlags: 0
  m_PrefabParentObject: {fileID: 8100000, guid: f8eb00a394ccb4c6997d3ed3c38c5d44,
    type: 2}
  m_PrefabInternal: {fileID: 0}
  m_GameObject: {fileID: 589417298}
  m_Enabled: 1
--- !u!124 &589417307
Behaviour:
  m_ObjectHideFlags: 0
  m_PrefabParentObject: {fileID: 12400000, guid: f8eb00a394ccb4c6997d3ed3c38c5d44,
    type: 2}
  m_PrefabInternal: {fileID: 0}
  m_GameObject: {fileID: 589417298}
  m_Enabled: 1
--- !u!92 &589417308
Behaviour:
  m_ObjectHideFlags: 0
  m_PrefabParentObject: {fileID: 9200004, guid: f8eb00a394ccb4c6997d3ed3c38c5d44,
    type: 2}
  m_PrefabInternal: {fileID: 0}
  m_GameObject: {fileID: 589417298}
  m_Enabled: 1
--- !u!20 &589417309
Camera:
  m_ObjectHideFlags: 0
  m_PrefabParentObject: {fileID: 2000004, guid: f8eb00a394ccb4c6997d3ed3c38c5d44,
    type: 2}
  m_PrefabInternal: {fileID: 0}
  m_GameObject: {fileID: 589417298}
  m_Enabled: 1
  serializedVersion: 2
  m_ClearFlags: 1
  m_BackGroundColor: {r: 1, g: 1, b: 1, a: .0196078438}
  m_NormalizedViewPortRect:
    serializedVersion: 2
    x: 0
    y: 0
    width: 1
    height: 1
  near clip plane: .300000012
  far clip plane: 1000
  field of view: 65
  orthographic: 0
  orthographic size: 100
  m_Depth: -1
  m_CullingMask:
    serializedVersion: 2
    m_Bits: 4294964735
  m_RenderingPath: -1
  m_TargetTexture: {fileID: 0}
  m_TargetDisplay: 0
  m_TargetEye: 3
  m_HDR: 0
  m_OcclusionCulling: 1
  m_StereoConvergence: 10
  m_StereoSeparation: .0219999999
  m_StereoMirrorMode: 0
--- !u!1 &614397847
GameObject:
  m_ObjectHideFlags: 0
  m_PrefabParentObject: {fileID: 100016, guid: f8eb00a394ccb4c6997d3ed3c38c5d44, type: 2}
  m_PrefabInternal: {fileID: 0}
  serializedVersion: 4
  m_Component:
  - 4: {fileID: 614397848}
  - 20: {fileID: 614397850}
  - 92: {fileID: 614397849}
  m_Layer: 0
  m_Name: GUICamera
  m_TagString: Untagged
  m_Icon: {fileID: 0}
  m_NavMeshLayer: 0
  m_StaticEditorFlags: 0
  m_IsActive: 1
--- !u!4 &614397848
Transform:
  m_ObjectHideFlags: 0
  m_PrefabParentObject: {fileID: 400016, guid: f8eb00a394ccb4c6997d3ed3c38c5d44, type: 2}
  m_PrefabInternal: {fileID: 0}
  m_GameObject: {fileID: 614397847}
  m_LocalRotation: {x: 0, y: 0, z: 0, w: 1}
  m_LocalPosition: {x: 0, y: 0, z: 0}
  m_LocalScale: {x: 1, y: 1, z: 1}
  m_Children: []
  m_Father: {fileID: 439896505}
  m_RootOrder: 1
--- !u!92 &614397849
Behaviour:
  m_ObjectHideFlags: 0
  m_PrefabParentObject: {fileID: 9200000, guid: f8eb00a394ccb4c6997d3ed3c38c5d44,
    type: 2}
  m_PrefabInternal: {fileID: 0}
  m_GameObject: {fileID: 614397847}
  m_Enabled: 1
--- !u!20 &614397850
Camera:
  m_ObjectHideFlags: 0
  m_PrefabParentObject: {fileID: 2000000, guid: f8eb00a394ccb4c6997d3ed3c38c5d44,
    type: 2}
  m_PrefabInternal: {fileID: 0}
  m_GameObject: {fileID: 614397847}
  m_Enabled: 1
  serializedVersion: 2
  m_ClearFlags: 3
  m_BackGroundColor: {r: 1, g: 1, b: .474509805, a: .0196078438}
  m_NormalizedViewPortRect:
    serializedVersion: 2
    x: 0
    y: 0
    width: 1
    height: 1
  near clip plane: .300000012
  far clip plane: 1000
  field of view: 65
  orthographic: 1
  orthographic size: 100
  m_Depth: 2
  m_CullingMask:
    serializedVersion: 2
    m_Bits: 2048
  m_RenderingPath: -1
  m_TargetTexture: {fileID: 0}
  m_TargetDisplay: 0
  m_TargetEye: 3
  m_HDR: 0
  m_OcclusionCulling: 1
  m_StereoConvergence: 10
  m_StereoSeparation: .0219999999
  m_StereoMirrorMode: 0
--- !u!1 &653827129
GameObject:
  m_ObjectHideFlags: 0
  m_PrefabParentObject: {fileID: 100040, guid: f8eb00a394ccb4c6997d3ed3c38c5d44, type: 2}
  m_PrefabInternal: {fileID: 0}
  serializedVersion: 4
  m_Component:
  - 4: {fileID: 653827130}
  - 114: {fileID: 653827131}
  m_Layer: 0
  m_Name: GameObject
  m_TagString: Untagged
  m_Icon: {fileID: 0}
  m_NavMeshLayer: 0
  m_StaticEditorFlags: 0
  m_IsActive: 1
--- !u!4 &653827130
Transform:
  m_ObjectHideFlags: 0
  m_PrefabParentObject: {fileID: 400040, guid: f8eb00a394ccb4c6997d3ed3c38c5d44, type: 2}
  m_PrefabInternal: {fileID: 0}
  m_GameObject: {fileID: 653827129}
  m_LocalRotation: {x: 0, y: 0, z: 0, w: 1}
  m_LocalPosition: {x: -.320649862, y: 0, z: 1.97733879}
  m_LocalScale: {x: 1, y: 1, z: 1}
  m_Children: []
  m_Father: {fileID: 805008679}
  m_RootOrder: 0
--- !u!114 &653827131
MonoBehaviour:
  m_ObjectHideFlags: 0
  m_PrefabParentObject: {fileID: 11400022, guid: f8eb00a394ccb4c6997d3ed3c38c5d44,
    type: 2}
  m_PrefabInternal: {fileID: 0}
  m_GameObject: {fileID: 653827129}
  m_Enabled: 1
  m_EditorHideFlags: 0
  m_Script: {fileID: 11500000, guid: fe243ea428d1d4326a6be04e96822218, type: 3}
  m_Name: 
  m_EditorClassIdentifier: 
  par: 2
--- !u!1 &672127727
GameObject:
  m_ObjectHideFlags: 0
  m_PrefabParentObject: {fileID: 100004, guid: a12f5000fb6c24df9805e5eaddc33993, type: 2}
  m_PrefabInternal: {fileID: 0}
  serializedVersion: 4
  m_Component:
  - 4: {fileID: 672127728}
  - 95: {fileID: 672127729}
  m_Layer: 0
  m_Name: tile05
  m_TagString: Untagged
  m_Icon: {fileID: 0}
  m_NavMeshLayer: 0
  m_StaticEditorFlags: 4294967295
  m_IsActive: 1
--- !u!4 &672127728
Transform:
  m_ObjectHideFlags: 0
  m_PrefabParentObject: {fileID: 400004, guid: a12f5000fb6c24df9805e5eaddc33993, type: 2}
  m_PrefabInternal: {fileID: 0}
  m_GameObject: {fileID: 672127727}
  m_LocalRotation: {x: 0, y: 0, z: 0, w: 1}
  m_LocalPosition: {x: 0, y: -26.4963379, z: 127.999992}
  m_LocalScale: {x: 1, y: 1, z: 1}
  m_Children:
  - {fileID: 1584540946}
  m_Father: {fileID: 1914138029}
  m_RootOrder: 0
--- !u!95 &672127729
Animator:
  serializedVersion: 3
  m_ObjectHideFlags: 0
  m_PrefabParentObject: {fileID: 9500000, guid: a12f5000fb6c24df9805e5eaddc33993,
    type: 2}
  m_PrefabInternal: {fileID: 0}
  m_GameObject: {fileID: 672127727}
  m_Enabled: 1
  m_Avatar: {fileID: 9000000, guid: c9334b93843cc428bbb8b76084f12ef1, type: 3}
  m_Controller: {fileID: 0}
  m_CullingMode: 1
  m_UpdateMode: 0
  m_ApplyRootMotion: 1
  m_LinearVelocityBlending: 0
  m_WarningMessage: 
  m_HasTransformHierarchy: 1
  m_AllowConstantClipSamplingOptimization: 1
--- !u!1 &689060761
GameObject:
  m_ObjectHideFlags: 0
  m_PrefabParentObject: {fileID: 100004, guid: 707f271b2a6264ce59d306fa4851ad3f, type: 2}
  m_PrefabInternal: {fileID: 0}
  serializedVersion: 4
  m_Component:
  - 4: {fileID: 689060762}
  - 33: {fileID: 689060765}
  - 23: {fileID: 689060764}
  - 64: {fileID: 689060763}
  m_Layer: 0
  m_Name: tile18_floor
  m_TagString: Untagged
  m_Icon: {fileID: 0}
  m_NavMeshLayer: 0
  m_StaticEditorFlags: 4294967295
  m_IsActive: 1
--- !u!4 &689060762
Transform:
  m_ObjectHideFlags: 0
  m_PrefabParentObject: {fileID: 400004, guid: 707f271b2a6264ce59d306fa4851ad3f, type: 2}
  m_PrefabInternal: {fileID: 0}
  m_GameObject: {fileID: 689060761}
  m_LocalRotation: {x: -.707106829, y: 0, z: -0, w: .707106829}
  m_LocalPosition: {x: .000247955322, y: 27.6044922, z: -90.1242828}
  m_LocalScale: {x: 1, y: 1, z: 1}
  m_Children: []
  m_Father: {fileID: 1059259233}
  m_RootOrder: 0
--- !u!64 &689060763
MeshCollider:
  m_ObjectHideFlags: 0
  m_PrefabParentObject: {fileID: 6400004, guid: 707f271b2a6264ce59d306fa4851ad3f,
    type: 2}
  m_PrefabInternal: {fileID: 0}
  m_GameObject: {fileID: 689060761}
  m_Material: {fileID: 13400000, guid: 5410a64fad11e8d6d00011d98d76c639, type: 2}
  m_IsTrigger: 0
  m_Enabled: 1
  serializedVersion: 2
  m_Convex: 0
  m_Mesh: {fileID: 4300002, guid: 19cd740d4662e480ab8c18306c74b538, type: 3}
--- !u!23 &689060764
MeshRenderer:
  m_ObjectHideFlags: 0
  m_PrefabParentObject: {fileID: 2300004, guid: 707f271b2a6264ce59d306fa4851ad3f,
    type: 2}
  m_PrefabInternal: {fileID: 0}
  m_GameObject: {fileID: 689060761}
  m_Enabled: 1
  m_CastShadows: 1
  m_ReceiveShadows: 1
  m_Materials:
  - {fileID: 2100000, guid: 5504b3f852abd4a9aba674539e4c876e, type: 2}
  m_SubsetIndices: 
  m_StaticBatchRoot: {fileID: 0}
  m_UseLightProbes: 0
  m_ReflectionProbeUsage: 1
  m_ProbeAnchor: {fileID: 0}
  m_ScaleInLightmap: 1
  m_PreserveUVs: 0
  m_ImportantGI: 0
  m_AutoUVMaxDistance: .5
  m_AutoUVMaxAngle: 89
  m_LightmapParameters: {fileID: 0}
  m_SortingLayerID: 0
  m_SortingOrder: 0
--- !u!33 &689060765
MeshFilter:
  m_ObjectHideFlags: 0
  m_PrefabParentObject: {fileID: 3300004, guid: 707f271b2a6264ce59d306fa4851ad3f,
    type: 2}
  m_PrefabInternal: {fileID: 0}
  m_GameObject: {fileID: 689060761}
  m_Mesh: {fileID: 4300002, guid: 19cd740d4662e480ab8c18306c74b538, type: 3}
--- !u!1 &691268276
GameObject:
  m_ObjectHideFlags: 0
  m_PrefabParentObject: {fileID: 100040, guid: f8eb00a394ccb4c6997d3ed3c38c5d44, type: 2}
  m_PrefabInternal: {fileID: 0}
  serializedVersion: 4
  m_Component:
  - 4: {fileID: 691268277}
  - 114: {fileID: 691268278}
  m_Layer: 0
  m_Name: GameObject
  m_TagString: Untagged
  m_Icon: {fileID: 0}
  m_NavMeshLayer: 0
  m_StaticEditorFlags: 0
  m_IsActive: 1
--- !u!4 &691268277
Transform:
  m_ObjectHideFlags: 0
  m_PrefabParentObject: {fileID: 400040, guid: f8eb00a394ccb4c6997d3ed3c38c5d44, type: 2}
  m_PrefabInternal: {fileID: 0}
  m_GameObject: {fileID: 691268276}
  m_LocalRotation: {x: 0, y: 0, z: 0, w: 1}
  m_LocalPosition: {x: -.320649862, y: 0, z: 1.97733879}
  m_LocalScale: {x: 1, y: 1, z: 1}
  m_Children: []
  m_Father: {fileID: 1730280817}
  m_RootOrder: 0
--- !u!114 &691268278
MonoBehaviour:
  m_ObjectHideFlags: 0
  m_PrefabParentObject: {fileID: 11400022, guid: f8eb00a394ccb4c6997d3ed3c38c5d44,
    type: 2}
  m_PrefabInternal: {fileID: 0}
  m_GameObject: {fileID: 691268276}
  m_Enabled: 1
  m_EditorHideFlags: 0
  m_Script: {fileID: 11500000, guid: fe243ea428d1d4326a6be04e96822218, type: 3}
  m_Name: 
  m_EditorClassIdentifier: 
  par: 4
--- !u!1 &751567543
GameObject:
  m_ObjectHideFlags: 0
  m_PrefabParentObject: {fileID: 100038, guid: f8eb00a394ccb4c6997d3ed3c38c5d44, type: 2}
  m_PrefabInternal: {fileID: 0}
  serializedVersion: 4
  m_Component:
  - 4: {fileID: 751567554}
  - 20: {fileID: 751567553}
  - 92: {fileID: 751567552}
  - 124: {fileID: 751567551}
  - 81: {fileID: 751567550}
  - 114: {fileID: 751567549}
  - 114: {fileID: 751567548}
  - 114: {fileID: 751567547}
  - 114: {fileID: 751567546}
  - 114: {fileID: 751567545}
  - 45: {fileID: 751567544}
  m_Layer: 0
  m_Name: Camera
  m_TagString: MainCamera
  m_Icon: {fileID: 0}
  m_NavMeshLayer: 0
  m_StaticEditorFlags: 0
  m_IsActive: 1
--- !u!45 &751567544
Skybox:
  m_ObjectHideFlags: 0
  m_PrefabParentObject: {fileID: 4500000, guid: f8eb00a394ccb4c6997d3ed3c38c5d44,
    type: 2}
  m_PrefabInternal: {fileID: 0}
  m_GameObject: {fileID: 751567543}
  m_Enabled: 0
  m_CustomSkybox: {fileID: 2100000, guid: a2126534b3a11b34e977105bd9e3cc03, type: 2}
--- !u!114 &751567545
MonoBehaviour:
  m_ObjectHideFlags: 0
  m_PrefabParentObject: {fileID: 11400020, guid: f8eb00a394ccb4c6997d3ed3c38c5d44,
    type: 2}
  m_PrefabInternal: {fileID: 0}
  m_GameObject: {fileID: 751567543}
  m_Enabled: 1
  m_EditorHideFlags: 0
  m_Script: {fileID: 11500000, guid: ac58c9593ec1c4012bc3993f069b68c0, type: 3}
  m_Name: 
  m_EditorClassIdentifier: 
  m_on: 0
  rotateTowardsTime: 1
  cameraOffset: {x: 0, y: 45, z: 0}
--- !u!114 &751567546
MonoBehaviour:
  m_ObjectHideFlags: 0
  m_PrefabParentObject: {fileID: 11400012, guid: f8eb00a394ccb4c6997d3ed3c38c5d44,
    type: 2}
  m_PrefabInternal: {fileID: 0}
  m_GameObject: {fileID: 751567543}
  m_Enabled: 1
  m_EditorHideFlags: 0
  m_Script: {fileID: 11500000, guid: 3429607681839490d94b1b0072fb039c, type: 3}
  m_Name: 
  m_EditorClassIdentifier: 
  spinSpeed: 10
  cameraOffset: {x: 30, y: 30, z: 30}
  m_on: 0
--- !u!114 &751567547
MonoBehaviour:
  m_ObjectHideFlags: 0
  m_PrefabParentObject: {fileID: 11400014, guid: f8eb00a394ccb4c6997d3ed3c38c5d44,
    type: 2}
  m_PrefabInternal: {fileID: 0}
  m_GameObject: {fileID: 751567543}
  m_Enabled: 1
  m_EditorHideFlags: 0
  m_Script: {fileID: 11500000, guid: 19ecd15cbe3114b45b21cf37f1d54290, type: 3}
  m_Name: 
  m_EditorClassIdentifier: 
  m_on: 0
  lookSlerp: 5
  zOffset: 5
  yOffset: 2
--- !u!114 &751567548
MonoBehaviour:
  m_ObjectHideFlags: 0
  m_PrefabParentObject: {fileID: 11400016, guid: f8eb00a394ccb4c6997d3ed3c38c5d44,
    type: 2}
  m_PrefabInternal: {fileID: 0}
  m_GameObject: {fileID: 751567543}
  m_Enabled: 1
  m_EditorHideFlags: 0
  m_Script: {fileID: 11500000, guid: 5f0c0d0b8b4ca45e2bf48214d3ed3d29, type: 3}
  m_Name: 
  m_EditorClassIdentifier: 
  cameraOffset: {x: 4, y: 4, z: 0}
  targetOffset: {x: -2, y: 2, z: 0}
  m_on: 0
  rotateTowardsTime: 1
  alphaColor: .300000012
--- !u!114 &751567549
MonoBehaviour:
  m_ObjectHideFlags: 0
  m_PrefabParentObject: {fileID: 11400018, guid: f8eb00a394ccb4c6997d3ed3c38c5d44,
    type: 2}
  m_PrefabInternal: {fileID: 0}
  m_GameObject: {fileID: 751567543}
  m_Enabled: 1
  m_EditorHideFlags: 0
  m_Script: {fileID: 11500000, guid: 2b12effd7f283434898573913b9765df, type: 3}
  m_Name: 
  m_EditorClassIdentifier: 
  spinSpeed: 10
  cameraOffset: {x: 30, y: 30, z: 30}
  m_on: 0
--- !u!81 &751567550
AudioListener:
  m_ObjectHideFlags: 0
  m_PrefabParentObject: {fileID: 8100000, guid: f8eb00a394ccb4c6997d3ed3c38c5d44,
    type: 2}
  m_PrefabInternal: {fileID: 0}
  m_GameObject: {fileID: 751567543}
  m_Enabled: 1
--- !u!124 &751567551
Behaviour:
  m_ObjectHideFlags: 0
  m_PrefabParentObject: {fileID: 12400000, guid: f8eb00a394ccb4c6997d3ed3c38c5d44,
    type: 2}
  m_PrefabInternal: {fileID: 0}
  m_GameObject: {fileID: 751567543}
  m_Enabled: 1
--- !u!92 &751567552
Behaviour:
  m_ObjectHideFlags: 0
  m_PrefabParentObject: {fileID: 9200004, guid: f8eb00a394ccb4c6997d3ed3c38c5d44,
    type: 2}
  m_PrefabInternal: {fileID: 0}
  m_GameObject: {fileID: 751567543}
  m_Enabled: 1
--- !u!20 &751567553
Camera:
  m_ObjectHideFlags: 0
  m_PrefabParentObject: {fileID: 2000004, guid: f8eb00a394ccb4c6997d3ed3c38c5d44,
    type: 2}
  m_PrefabInternal: {fileID: 0}
  m_GameObject: {fileID: 751567543}
  m_Enabled: 1
  serializedVersion: 2
  m_ClearFlags: 1
  m_BackGroundColor: {r: 1, g: 1, b: 1, a: .0196078438}
  m_NormalizedViewPortRect:
    serializedVersion: 2
    x: 0
    y: 0
    width: 1
    height: 1
  near clip plane: .300000012
  far clip plane: 1000
  field of view: 65
  orthographic: 0
  orthographic size: 100
  m_Depth: -1
  m_CullingMask:
    serializedVersion: 2
    m_Bits: 4294964735
  m_RenderingPath: -1
  m_TargetTexture: {fileID: 0}
  m_TargetDisplay: 0
  m_TargetEye: 3
  m_HDR: 0
  m_OcclusionCulling: 1
  m_StereoConvergence: 10
  m_StereoSeparation: .0219999999
  m_StereoMirrorMode: 0
--- !u!4 &751567554
Transform:
  m_ObjectHideFlags: 0
  m_PrefabParentObject: {fileID: 400038, guid: f8eb00a394ccb4c6997d3ed3c38c5d44, type: 2}
  m_PrefabInternal: {fileID: 0}
  m_GameObject: {fileID: 751567543}
  m_LocalRotation: {x: .29237169, y: 0, z: 0, w: .956304789}
  m_LocalPosition: {x: 147.873917, y: 44, z: -80}
  m_LocalScale: {x: 1, y: 1, z: 1}
  m_Children:
  - {fileID: 815607427}
  m_Father: {fileID: 439896505}
  m_RootOrder: 0
--- !u!1 &805008678
GameObject:
  m_ObjectHideFlags: 0
  m_PrefabParentObject: {fileID: 100000, guid: f8eb00a394ccb4c6997d3ed3c38c5d44, type: 2}
  m_PrefabInternal: {fileID: 0}
  serializedVersion: 4
  m_Component:
  - 4: {fileID: 805008679}
  m_Layer: 0
  m_Name: Hole
  m_TagString: Untagged
  m_Icon: {fileID: 0}
  m_NavMeshLayer: 0
  m_StaticEditorFlags: 0
  m_IsActive: 0
--- !u!4 &805008679
Transform:
  m_ObjectHideFlags: 0
  m_PrefabParentObject: {fileID: 400000, guid: f8eb00a394ccb4c6997d3ed3c38c5d44, type: 2}
  m_PrefabInternal: {fileID: 0}
  m_GameObject: {fileID: 805008678}
  m_LocalRotation: {x: 0, y: 0, z: 0, w: 1}
  m_LocalPosition: {x: 0, y: 0, z: 0}
  m_LocalScale: {x: 1, y: 1, z: 1}
  m_Children:
  - {fileID: 653827130}
  - {fileID: 439896505}
  m_Father: {fileID: 330146167}
  m_RootOrder: 5
--- !u!1 &815607426
GameObject:
  m_ObjectHideFlags: 0
  m_PrefabParentObject: {fileID: 100028, guid: f8eb00a394ccb4c6997d3ed3c38c5d44, type: 2}
  m_PrefabInternal: {fileID: 0}
  serializedVersion: 4
  m_Component:
  - 4: {fileID: 815607427}
  - 20: {fileID: 815607429}
  - 92: {fileID: 815607428}
  m_Layer: 0
  m_Name: Camera
  m_TagString: Untagged
  m_Icon: {fileID: 0}
  m_NavMeshLayer: 0
  m_StaticEditorFlags: 0
  m_IsActive: 1
--- !u!4 &815607427
Transform:
  m_ObjectHideFlags: 0
  m_PrefabParentObject: {fileID: 400028, guid: f8eb00a394ccb4c6997d3ed3c38c5d44, type: 2}
  m_PrefabInternal: {fileID: 0}
  m_GameObject: {fileID: 815607426}
  m_LocalRotation: {x: 2.38418579e-07, y: 0, z: 0, w: 1}
  m_LocalPosition: {x: 0, y: 0, z: 0}
  m_LocalScale: {x: 1, y: 1, z: 1}
  m_Children: []
  m_Father: {fileID: 751567554}
  m_RootOrder: 0
--- !u!92 &815607428
Behaviour:
  m_ObjectHideFlags: 0
  m_PrefabParentObject: {fileID: 9200002, guid: f8eb00a394ccb4c6997d3ed3c38c5d44,
    type: 2}
  m_PrefabInternal: {fileID: 0}
  m_GameObject: {fileID: 815607426}
  m_Enabled: 1
--- !u!20 &815607429
Camera:
  m_ObjectHideFlags: 0
  m_PrefabParentObject: {fileID: 2000002, guid: f8eb00a394ccb4c6997d3ed3c38c5d44,
    type: 2}
  m_PrefabInternal: {fileID: 0}
  m_GameObject: {fileID: 815607426}
  m_Enabled: 1
  serializedVersion: 2
  m_ClearFlags: 3
  m_BackGroundColor: {r: 1, g: 1, b: .474509805, a: .0196078438}
  m_NormalizedViewPortRect:
    serializedVersion: 2
    x: 0
    y: 0
    width: 1
    height: 1
  near clip plane: .300000012
  far clip plane: 1000
  field of view: 65
  orthographic: 0
  orthographic size: 100
  m_Depth: 1
  m_CullingMask:
    serializedVersion: 2
    m_Bits: 512
  m_RenderingPath: -1
  m_TargetTexture: {fileID: 0}
  m_TargetDisplay: 0
  m_TargetEye: 3
  m_HDR: 0
  m_OcclusionCulling: 1
  m_StereoConvergence: 10
  m_StereoSeparation: .0219999999
  m_StereoMirrorMode: 0
--- !u!1 &827314093
GameObject:
  m_ObjectHideFlags: 0
  m_PrefabParentObject: {fileID: 100000, guid: f8eb00a394ccb4c6997d3ed3c38c5d44, type: 2}
  m_PrefabInternal: {fileID: 0}
  serializedVersion: 4
  m_Component:
  - 4: {fileID: 827314094}
  m_Layer: 0
  m_Name: Hole (2)
  m_TagString: Untagged
  m_Icon: {fileID: 0}
  m_NavMeshLayer: 0
  m_StaticEditorFlags: 0
  m_IsActive: 1
--- !u!4 &827314094
Transform:
  m_ObjectHideFlags: 0
  m_PrefabParentObject: {fileID: 400000, guid: f8eb00a394ccb4c6997d3ed3c38c5d44, type: 2}
  m_PrefabInternal: {fileID: 0}
  m_GameObject: {fileID: 827314093}
  m_LocalRotation: {x: 0, y: 0, z: 0, w: 1}
  m_LocalPosition: {x: 0, y: 0, z: 0}
  m_LocalScale: {x: 1, y: 1, z: 1}
  m_Children:
  - {fileID: 1614236146}
  - {fileID: 1801645205}
  m_Father: {fileID: 330146167}
  m_RootOrder: 6
--- !u!1 &942953975
GameObject:
  m_ObjectHideFlags: 0
  m_PrefabParentObject: {fileID: 100038, guid: f8eb00a394ccb4c6997d3ed3c38c5d44, type: 2}
  m_PrefabInternal: {fileID: 0}
  serializedVersion: 4
  m_Component:
  - 4: {fileID: 942953976}
  - 20: {fileID: 942953986}
  - 92: {fileID: 942953985}
  - 124: {fileID: 942953984}
  - 81: {fileID: 942953983}
  - 114: {fileID: 942953982}
  - 114: {fileID: 942953981}
  - 114: {fileID: 942953980}
  - 114: {fileID: 942953979}
  - 114: {fileID: 942953978}
  - 45: {fileID: 942953977}
  m_Layer: 0
  m_Name: Camera
  m_TagString: MainCamera
  m_Icon: {fileID: 0}
  m_NavMeshLayer: 0
  m_StaticEditorFlags: 0
  m_IsActive: 1
--- !u!4 &942953976
Transform:
  m_ObjectHideFlags: 0
  m_PrefabParentObject: {fileID: 400038, guid: f8eb00a394ccb4c6997d3ed3c38c5d44, type: 2}
  m_PrefabInternal: {fileID: 0}
  m_GameObject: {fileID: 942953975}
  m_LocalRotation: {x: .29237169, y: 0, z: 0, w: .956304789}
  m_LocalPosition: {x: 147.873917, y: 44, z: -80}
  m_LocalScale: {x: 1, y: 1, z: 1}
  m_Children:
  - {fileID: 1828917579}
  m_Father: {fileID: 1801645205}
  m_RootOrder: 0
--- !u!45 &942953977
Skybox:
  m_ObjectHideFlags: 0
  m_PrefabParentObject: {fileID: 4500000, guid: f8eb00a394ccb4c6997d3ed3c38c5d44,
    type: 2}
  m_PrefabInternal: {fileID: 0}
  m_GameObject: {fileID: 942953975}
  m_Enabled: 0
  m_CustomSkybox: {fileID: 2100000, guid: a2126534b3a11b34e977105bd9e3cc03, type: 2}
--- !u!114 &942953978
MonoBehaviour:
  m_ObjectHideFlags: 0
  m_PrefabParentObject: {fileID: 11400020, guid: f8eb00a394ccb4c6997d3ed3c38c5d44,
    type: 2}
  m_PrefabInternal: {fileID: 0}
  m_GameObject: {fileID: 942953975}
  m_Enabled: 1
  m_EditorHideFlags: 0
  m_Script: {fileID: 11500000, guid: ac58c9593ec1c4012bc3993f069b68c0, type: 3}
  m_Name: 
  m_EditorClassIdentifier: 
  m_on: 0
  rotateTowardsTime: .5
  cameraOffset: {x: 0, y: 55, z: .100000001}
--- !u!114 &942953979
MonoBehaviour:
  m_ObjectHideFlags: 0
  m_PrefabParentObject: {fileID: 11400012, guid: f8eb00a394ccb4c6997d3ed3c38c5d44,
    type: 2}
  m_PrefabInternal: {fileID: 0}
  m_GameObject: {fileID: 942953975}
  m_Enabled: 1
  m_EditorHideFlags: 0
  m_Script: {fileID: 11500000, guid: 3429607681839490d94b1b0072fb039c, type: 3}
  m_Name: 
  m_EditorClassIdentifier: 
  spinSpeed: 10
  cameraOffset: {x: 30, y: 30, z: 30}
  m_on: 0
--- !u!114 &942953980
MonoBehaviour:
  m_ObjectHideFlags: 0
  m_PrefabParentObject: {fileID: 11400014, guid: f8eb00a394ccb4c6997d3ed3c38c5d44,
    type: 2}
  m_PrefabInternal: {fileID: 0}
  m_GameObject: {fileID: 942953975}
  m_Enabled: 1
  m_EditorHideFlags: 0
  m_Script: {fileID: 11500000, guid: 19ecd15cbe3114b45b21cf37f1d54290, type: 3}
  m_Name: 
  m_EditorClassIdentifier: 
  m_on: 0
  lookSlerp: .5
  zOffset: 5
  yOffset: 2
--- !u!114 &942953981
MonoBehaviour:
  m_ObjectHideFlags: 0
  m_PrefabParentObject: {fileID: 11400016, guid: f8eb00a394ccb4c6997d3ed3c38c5d44,
    type: 2}
  m_PrefabInternal: {fileID: 0}
  m_GameObject: {fileID: 942953975}
  m_Enabled: 1
  m_EditorHideFlags: 0
  m_Script: {fileID: 11500000, guid: 5f0c0d0b8b4ca45e2bf48214d3ed3d29, type: 3}
  m_Name: 
  m_EditorClassIdentifier: 
  cameraOffset: {x: 0, y: 4, z: -4}
  targetOffset: {x: 0, y: 2, z: 2}
  m_on: 0
  rotateTowardsTime: .5
  alphaColor: .5
--- !u!114 &942953982
MonoBehaviour:
  m_ObjectHideFlags: 0
  m_PrefabParentObject: {fileID: 11400018, guid: f8eb00a394ccb4c6997d3ed3c38c5d44,
    type: 2}
  m_PrefabInternal: {fileID: 0}
  m_GameObject: {fileID: 942953975}
  m_Enabled: 1
  m_EditorHideFlags: 0
  m_Script: {fileID: 11500000, guid: 2b12effd7f283434898573913b9765df, type: 3}
  m_Name: 
  m_EditorClassIdentifier: 
  spinSpeed: 30
  cameraOffset: {x: 20, y: 20, z: 20}
  m_on: 1
--- !u!81 &942953983
AudioListener:
  m_ObjectHideFlags: 0
  m_PrefabParentObject: {fileID: 8100000, guid: f8eb00a394ccb4c6997d3ed3c38c5d44,
    type: 2}
  m_PrefabInternal: {fileID: 0}
  m_GameObject: {fileID: 942953975}
  m_Enabled: 1
--- !u!124 &942953984
Behaviour:
  m_ObjectHideFlags: 0
  m_PrefabParentObject: {fileID: 12400000, guid: f8eb00a394ccb4c6997d3ed3c38c5d44,
    type: 2}
  m_PrefabInternal: {fileID: 0}
  m_GameObject: {fileID: 942953975}
  m_Enabled: 1
--- !u!92 &942953985
Behaviour:
  m_ObjectHideFlags: 0
  m_PrefabParentObject: {fileID: 9200004, guid: f8eb00a394ccb4c6997d3ed3c38c5d44,
    type: 2}
  m_PrefabInternal: {fileID: 0}
  m_GameObject: {fileID: 942953975}
  m_Enabled: 1
--- !u!20 &942953986
Camera:
  m_ObjectHideFlags: 0
  m_PrefabParentObject: {fileID: 2000004, guid: f8eb00a394ccb4c6997d3ed3c38c5d44,
    type: 2}
  m_PrefabInternal: {fileID: 0}
  m_GameObject: {fileID: 942953975}
  m_Enabled: 1
  serializedVersion: 2
  m_ClearFlags: 1
  m_BackGroundColor: {r: 1, g: 1, b: 1, a: .0196078438}
  m_NormalizedViewPortRect:
    serializedVersion: 2
    x: 0
    y: 0
    width: 1
    height: 1
  near clip plane: .300000012
  far clip plane: 1000
  field of view: 65
  orthographic: 0
  orthographic size: 100
  m_Depth: -1
  m_CullingMask:
    serializedVersion: 2
    m_Bits: 4294964735
  m_RenderingPath: -1
  m_TargetTexture: {fileID: 0}
  m_TargetDisplay: 0
  m_TargetEye: 3
  m_HDR: 0
  m_OcclusionCulling: 1
  m_StereoConvergence: 10
  m_StereoSeparation: .0219999999
  m_StereoMirrorMode: 0
--- !u!1 &1059259232
GameObject:
  m_ObjectHideFlags: 0
  m_PrefabParentObject: {fileID: 100006, guid: 707f271b2a6264ce59d306fa4851ad3f, type: 2}
  m_PrefabInternal: {fileID: 0}
  serializedVersion: 4
  m_Component:
  - 4: {fileID: 1059259233}
  - 95: {fileID: 1059259234}
  m_Layer: 0
  m_Name: tile18
  m_TagString: Untagged
  m_Icon: {fileID: 0}
  m_NavMeshLayer: 0
  m_StaticEditorFlags: 4294967295
  m_IsActive: 1
--- !u!4 &1059259233
Transform:
  m_ObjectHideFlags: 0
  m_PrefabParentObject: {fileID: 400006, guid: 707f271b2a6264ce59d306fa4851ad3f, type: 2}
  m_PrefabInternal: {fileID: 0}
  m_GameObject: {fileID: 1059259232}
  m_LocalRotation: {x: 0, y: 0, z: 0, w: 1}
  m_LocalPosition: {x: 0, y: -10.0244131, z: -8.48907852}
  m_LocalScale: {x: 1, y: 1, z: 1}
  m_Children:
  - {fileID: 689060762}
  - {fileID: 586705181}
  m_Father: {fileID: 1914138029}
  m_RootOrder: 2
--- !u!95 &1059259234
Animator:
  serializedVersion: 3
  m_ObjectHideFlags: 0
  m_PrefabParentObject: {fileID: 9500000, guid: 707f271b2a6264ce59d306fa4851ad3f,
    type: 2}
  m_PrefabInternal: {fileID: 0}
  m_GameObject: {fileID: 1059259232}
  m_Enabled: 1
  m_Avatar: {fileID: 9000000, guid: 19cd740d4662e480ab8c18306c74b538, type: 3}
  m_Controller: {fileID: 0}
  m_CullingMode: 1
  m_UpdateMode: 0
  m_ApplyRootMotion: 1
  m_LinearVelocityBlending: 0
  m_WarningMessage: 
  m_HasTransformHierarchy: 1
  m_AllowConstantClipSamplingOptimization: 1
--- !u!1 &1124633923
GameObject:
  m_ObjectHideFlags: 0
  m_PrefabParentObject: {fileID: 100006, guid: 6d594cf13c24248169045688348f08a2, type: 2}
  m_PrefabInternal: {fileID: 0}
  serializedVersion: 4
  m_Component:
  - 4: {fileID: 1124633924}
  - 95: {fileID: 1124633925}
  m_Layer: 0
  m_Name: tile20
  m_TagString: Untagged
  m_Icon: {fileID: 0}
  m_NavMeshLayer: 0
  m_StaticEditorFlags: 4294967295
  m_IsActive: 1
--- !u!4 &1124633924
Transform:
  m_ObjectHideFlags: 0
  m_PrefabParentObject: {fileID: 400006, guid: 6d594cf13c24248169045688348f08a2, type: 2}
  m_PrefabInternal: {fileID: 0}
  m_GameObject: {fileID: 1124633923}
  m_LocalRotation: {x: 0, y: .707106888, z: 0, w: .707106769}
  m_LocalPosition: {x: -2.87639141, y: -2.20000219, z: -0}
  m_LocalScale: {x: .100000009, y: .100000001, z: .100000009}
  m_Children:
  - {fileID: 2089308703}
  m_Father: {fileID: 1319507918}
  m_RootOrder: 3
--- !u!95 &1124633925
Animator:
  serializedVersion: 3
  m_ObjectHideFlags: 0
  m_PrefabParentObject: {fileID: 9500000, guid: 6d594cf13c24248169045688348f08a2,
    type: 2}
  m_PrefabInternal: {fileID: 0}
  m_GameObject: {fileID: 1124633923}
  m_Enabled: 1
  m_Avatar: {fileID: 9000000, guid: 8c19ff53c398941b58f3e74cd19822c3, type: 3}
  m_Controller: {fileID: 0}
  m_CullingMode: 1
  m_UpdateMode: 0
  m_ApplyRootMotion: 1
  m_LinearVelocityBlending: 0
  m_WarningMessage: 
  m_HasTransformHierarchy: 1
  m_AllowConstantClipSamplingOptimization: 1
--- !u!1001 &1145846736
Prefab:
  m_ObjectHideFlags: 0
  serializedVersion: 2
  m_Modification:
    m_TransformParent: {fileID: 330146167}
    m_Modifications:
    - target: {fileID: 400000, guid: fdfe3397c243ea349a9d2687a104aef3, type: 2}
      propertyPath: m_LocalPosition.x
      value: 17.1204739
      objectReference: {fileID: 0}
    - target: {fileID: 400000, guid: fdfe3397c243ea349a9d2687a104aef3, type: 2}
      propertyPath: m_LocalPosition.y
      value: 3.23331594
      objectReference: {fileID: 0}
    - target: {fileID: 400000, guid: fdfe3397c243ea349a9d2687a104aef3, type: 2}
      propertyPath: m_LocalPosition.z
      value: 43.6344261
      objectReference: {fileID: 0}
    - target: {fileID: 400000, guid: fdfe3397c243ea349a9d2687a104aef3, type: 2}
      propertyPath: m_LocalRotation.x
      value: 0
      objectReference: {fileID: 0}
    - target: {fileID: 400000, guid: fdfe3397c243ea349a9d2687a104aef3, type: 2}
      propertyPath: m_LocalRotation.y
      value: 0
      objectReference: {fileID: 0}
    - target: {fileID: 400000, guid: fdfe3397c243ea349a9d2687a104aef3, type: 2}
      propertyPath: m_LocalRotation.z
      value: 0
      objectReference: {fileID: 0}
    - target: {fileID: 400000, guid: fdfe3397c243ea349a9d2687a104aef3, type: 2}
      propertyPath: m_LocalRotation.w
      value: 1
      objectReference: {fileID: 0}
    - target: {fileID: 400000, guid: fdfe3397c243ea349a9d2687a104aef3, type: 2}
      propertyPath: m_RootOrder
      value: 1
      objectReference: {fileID: 0}
    - target: {fileID: 400000, guid: fdfe3397c243ea349a9d2687a104aef3, type: 2}
      propertyPath: m_LocalScale.x
      value: 490.51297
      objectReference: {fileID: 0}
    - target: {fileID: 400000, guid: fdfe3397c243ea349a9d2687a104aef3, type: 2}
      propertyPath: m_LocalScale.y
      value: 4.90512943
      objectReference: {fileID: 0}
    - target: {fileID: 400000, guid: fdfe3397c243ea349a9d2687a104aef3, type: 2}
      propertyPath: m_LocalScale.z
      value: 490.51297
      objectReference: {fileID: 0}
    - target: {fileID: 6400000, guid: fdfe3397c243ea349a9d2687a104aef3, type: 2}
      propertyPath: m_Convex
      value: 1
      objectReference: {fileID: 0}
    - target: {fileID: 2300000, guid: fdfe3397c243ea349a9d2687a104aef3, type: 2}
      propertyPath: m_Materials.Array.data[0]
      value: 
      objectReference: {fileID: 2100000, guid: 350e461d2db5f5641a8aec4170def625, type: 2}
    m_RemovedComponents: []
  m_ParentPrefab: {fileID: 100100000, guid: fdfe3397c243ea349a9d2687a104aef3, type: 2}
  m_IsPrefabParent: 0
--- !u!4 &1145846737 stripped
Transform:
  m_PrefabParentObject: {fileID: 400000, guid: fdfe3397c243ea349a9d2687a104aef3, type: 2}
  m_PrefabInternal: {fileID: 1145846736}
--- !u!1 &1319507917
GameObject:
  m_ObjectHideFlags: 0
  m_PrefabParentObject: {fileID: 100010, guid: 6d594cf13c24248169045688348f08a2, type: 2}
  m_PrefabInternal: {fileID: 0}
  serializedVersion: 4
  m_Component:
  - 4: {fileID: 1319507918}
  m_Layer: 0
  m_Name: CourseB
  m_TagString: Untagged
  m_Icon: {fileID: 0}
  m_NavMeshLayer: 0
  m_StaticEditorFlags: 0
  m_IsActive: 1
--- !u!4 &1319507918
Transform:
  m_ObjectHideFlags: 0
  m_PrefabParentObject: {fileID: 400010, guid: 6d594cf13c24248169045688348f08a2, type: 2}
  m_PrefabInternal: {fileID: 0}
  m_GameObject: {fileID: 1319507917}
  m_LocalRotation: {x: 0, y: 0, z: 0, w: 1}
  m_LocalPosition: {x: 12.8000002, y: 2.20000267, z: 28.4763947}
  m_LocalScale: {x: 1, y: 1, z: 1}
  m_Children:
  - {fileID: 45929540}
  - {fileID: 2001197582}
  - {fileID: 1786670350}
  - {fileID: 1124633924}
  m_Father: {fileID: 330146167}
  m_RootOrder: 3
--- !u!1 &1436774391
GameObject:
  m_ObjectHideFlags: 0
  m_PrefabParentObject: {fileID: 100036, guid: f8eb00a394ccb4c6997d3ed3c38c5d44, type: 2}
  m_PrefabInternal: {fileID: 0}
  serializedVersion: 4
  m_Component:
  - 4: {fileID: 1436774392}
  - 114: {fileID: 1436774393}
  m_Layer: 0
  m_Name: Startup
  m_TagString: Untagged
  m_Icon: {fileID: 0}
  m_NavMeshLayer: 0
  m_StaticEditorFlags: 0
  m_IsActive: 1
--- !u!4 &1436774392
Transform:
  m_ObjectHideFlags: 0
  m_PrefabParentObject: {fileID: 400036, guid: f8eb00a394ccb4c6997d3ed3c38c5d44, type: 2}
  m_PrefabInternal: {fileID: 0}
  m_GameObject: {fileID: 1436774391}
  m_LocalRotation: {x: 0, y: 0, z: 0, w: 1}
  m_LocalPosition: {x: 0, y: 0, z: 0}
  m_LocalScale: {x: 1, y: 1, z: 1}
  m_Children:
  - {fileID: 589417299}
  - {fileID: 1974039230}
  m_Father: {fileID: 1730280817}
  m_RootOrder: 1
--- !u!114 &1436774393
MonoBehaviour:
  m_ObjectHideFlags: 0
  m_PrefabParentObject: {fileID: 11400010, guid: f8eb00a394ccb4c6997d3ed3c38c5d44,
    type: 2}
  m_PrefabInternal: {fileID: 0}
  m_GameObject: {fileID: 1436774391}
  m_Enabled: 1
  m_EditorHideFlags: 0
  m_Script: {fileID: 11500000, guid: 7931b9b253e434a9ca9552ce86d14215, type: 3}
  m_Name: 
  m_EditorClassIdentifier: 
  prefabDroid: {fileID: 100024, guid: 814b7bb61c62f4c46b0a1be359b5341e, type: 2}
  prefabIOS: {fileID: 100024, guid: fbf16c344d741495c9afdc3fb4ea9fb4, type: 2}
  prefab: {fileID: 100024, guid: 814b7bb61c62f4c46b0a1be359b5341e, type: 2}
--- !u!1 &1457419428
GameObject:
  m_ObjectHideFlags: 0
  m_PrefabParentObject: {fileID: 0}
  m_PrefabInternal: {fileID: 0}
  serializedVersion: 4
  m_Component:
  - 4: {fileID: 1457419429}
  - 218: {fileID: 1457419431}
  - 154: {fileID: 1457419430}
  m_Layer: 0
  m_Name: Terrain
  m_TagString: Untagged
  m_Icon: {fileID: 0}
  m_NavMeshLayer: 0
  m_StaticEditorFlags: 4294967295
  m_IsActive: 1
--- !u!4 &1457419429
Transform:
  m_ObjectHideFlags: 0
  m_PrefabParentObject: {fileID: 0}
  m_PrefabInternal: {fileID: 0}
  m_GameObject: {fileID: 1457419428}
  m_LocalRotation: {x: 0, y: 0, z: 0, w: 1}
  m_LocalPosition: {x: -88.2645264, y: 0, z: -68.8624268}
  m_LocalScale: {x: 1, y: 1, z: 1}
  m_Children: []
  m_Father: {fileID: 330146167}
  m_RootOrder: 4
--- !u!154 &1457419430
TerrainCollider:
  m_ObjectHideFlags: 0
  m_PrefabParentObject: {fileID: 0}
  m_PrefabInternal: {fileID: 0}
  m_GameObject: {fileID: 1457419428}
  m_Material: {fileID: 0}
  m_Enabled: 0
  m_TerrainData: {fileID: 15600000, guid: ed61ea9be8d21e44ead8bd7c82dbcb9a, type: 2}
  m_EnableTreeColliders: 1
--- !u!218 &1457419431
Terrain:
  m_ObjectHideFlags: 0
  m_PrefabParentObject: {fileID: 0}
  m_PrefabInternal: {fileID: 0}
  m_GameObject: {fileID: 1457419428}
  m_Enabled: 1
  serializedVersion: 3
  m_TerrainData: {fileID: 15600000, guid: ed61ea9be8d21e44ead8bd7c82dbcb9a, type: 2}
  m_TreeDistance: 5000
  m_TreeBillboardDistance: 50
  m_TreeCrossFadeLength: 5
  m_TreeMaximumFullLODCount: 50
  m_DetailObjectDistance: 80
  m_DetailObjectDensity: 1
  m_HeightmapPixelError: 5
  m_SplatMapDistance: 1000
  m_HeightmapMaximumLOD: 0
  m_CastShadows: 1
  m_DrawHeightmap: 1
  m_DrawTreesAndFoliage: 1
  m_ReflectionProbeUsage: 1
  m_MaterialType: 1
  m_LegacySpecular:
    serializedVersion: 2
    rgba: 4286545791
  m_LegacyShininess: .078125
  m_MaterialTemplate: {fileID: 0}
  m_BakeLightProbesForTrees: 1
  m_ScaleInLightmap: 1
  m_LightmapParameters: {fileID: 15203, guid: 0000000000000000f000000000000000, type: 0}
--- !u!1 &1486908530
GameObject:
  m_ObjectHideFlags: 0
  m_PrefabParentObject: {fileID: 0}
  m_PrefabInternal: {fileID: 0}
  serializedVersion: 4
  m_Component:
  - 4: {fileID: 1486908534}
  - 114: {fileID: 1486908533}
  - 114: {fileID: 1486908532}
  - 114: {fileID: 1486908531}
  m_Layer: 0
  m_Name: EventSystem
  m_TagString: Untagged
  m_Icon: {fileID: 0}
  m_NavMeshLayer: 0
  m_StaticEditorFlags: 0
  m_IsActive: 1
--- !u!114 &1486908531
MonoBehaviour:
  m_ObjectHideFlags: 0
  m_PrefabParentObject: {fileID: 0}
  m_PrefabInternal: {fileID: 0}
  m_GameObject: {fileID: 1486908530}
  m_Enabled: 1
  m_EditorHideFlags: 0
  m_Script: {fileID: 1997211142, guid: f5f67c52d1564df4a8936ccd202a3bd8, type: 3}
  m_Name: 
  m_EditorClassIdentifier: 
  m_ForceModuleActive: 0
--- !u!114 &1486908532
MonoBehaviour:
  m_ObjectHideFlags: 0
  m_PrefabParentObject: {fileID: 0}
  m_PrefabInternal: {fileID: 0}
  m_GameObject: {fileID: 1486908530}
  m_Enabled: 1
  m_EditorHideFlags: 0
  m_Script: {fileID: 1077351063, guid: f5f67c52d1564df4a8936ccd202a3bd8, type: 3}
  m_Name: 
  m_EditorClassIdentifier: 
  m_HorizontalAxis: Horizontal
  m_VerticalAxis: Vertical
  m_SubmitButton: Submit
  m_CancelButton: Cancel
  m_InputActionsPerSecond: 10
  m_RepeatDelay: .5
  m_ForceModuleActive: 0
--- !u!114 &1486908533
MonoBehaviour:
  m_ObjectHideFlags: 0
  m_PrefabParentObject: {fileID: 0}
  m_PrefabInternal: {fileID: 0}
  m_GameObject: {fileID: 1486908530}
  m_Enabled: 1
  m_EditorHideFlags: 0
  m_Script: {fileID: -619905303, guid: f5f67c52d1564df4a8936ccd202a3bd8, type: 3}
  m_Name: 
  m_EditorClassIdentifier: 
  m_FirstSelected: {fileID: 0}
  m_sendNavigationEvents: 1
  m_DragThreshold: 5
--- !u!4 &1486908534
Transform:
  m_ObjectHideFlags: 0
  m_PrefabParentObject: {fileID: 0}
  m_PrefabInternal: {fileID: 0}
  m_GameObject: {fileID: 1486908530}
  m_LocalRotation: {x: 0, y: 0, z: 0, w: 1}
  m_LocalPosition: {x: 0, y: 0, z: 0}
  m_LocalScale: {x: 1, y: 1, z: 1}
  m_Children: []
  m_Father: {fileID: 0}
  m_RootOrder: 0
--- !u!1 &1535862382
GameObject:
  m_ObjectHideFlags: 0
  m_PrefabParentObject: {fileID: 100016, guid: f8eb00a394ccb4c6997d3ed3c38c5d44, type: 2}
  m_PrefabInternal: {fileID: 0}
  serializedVersion: 4
  m_Component:
  - 4: {fileID: 1535862383}
  - 20: {fileID: 1535862385}
  - 92: {fileID: 1535862384}
  m_Layer: 0
  m_Name: GUICamera
  m_TagString: Untagged
  m_Icon: {fileID: 0}
  m_NavMeshLayer: 0
  m_StaticEditorFlags: 0
  m_IsActive: 1
--- !u!4 &1535862383
Transform:
  m_ObjectHideFlags: 0
  m_PrefabParentObject: {fileID: 400016, guid: f8eb00a394ccb4c6997d3ed3c38c5d44, type: 2}
  m_PrefabInternal: {fileID: 0}
  m_GameObject: {fileID: 1535862382}
  m_LocalRotation: {x: 0, y: 0, z: 0, w: 1}
  m_LocalPosition: {x: 0, y: 0, z: 0}
  m_LocalScale: {x: 1, y: 1, z: 1}
  m_Children: []
  m_Father: {fileID: 1801645205}
  m_RootOrder: 1
--- !u!92 &1535862384
Behaviour:
  m_ObjectHideFlags: 0
  m_PrefabParentObject: {fileID: 9200000, guid: f8eb00a394ccb4c6997d3ed3c38c5d44,
    type: 2}
  m_PrefabInternal: {fileID: 0}
  m_GameObject: {fileID: 1535862382}
  m_Enabled: 1
--- !u!20 &1535862385
Camera:
  m_ObjectHideFlags: 0
  m_PrefabParentObject: {fileID: 2000000, guid: f8eb00a394ccb4c6997d3ed3c38c5d44,
    type: 2}
  m_PrefabInternal: {fileID: 0}
  m_GameObject: {fileID: 1535862382}
  m_Enabled: 1
  serializedVersion: 2
  m_ClearFlags: 3
  m_BackGroundColor: {r: 1, g: 1, b: .474509805, a: .0196078438}
  m_NormalizedViewPortRect:
    serializedVersion: 2
    x: 0
    y: 0
    width: 1
    height: 1
  near clip plane: .300000012
  far clip plane: 1000
  field of view: 65
  orthographic: 1
  orthographic size: 100
  m_Depth: 2
  m_CullingMask:
    serializedVersion: 2
    m_Bits: 2048
  m_RenderingPath: -1
  m_TargetTexture: {fileID: 0}
  m_TargetDisplay: 0
  m_TargetEye: 3
  m_HDR: 0
  m_OcclusionCulling: 1
  m_StereoConvergence: 10
  m_StereoSeparation: .0219999999
  m_StereoMirrorMode: 0
--- !u!1 &1553861361
GameObject:
  m_ObjectHideFlags: 0
  m_PrefabParentObject: {fileID: 0}
  m_PrefabInternal: {fileID: 0}
  serializedVersion: 4
  m_Component:
  - 4: {fileID: 1553861362}
  - 108: {fileID: 1553861363}
  m_Layer: 0
  m_Name: Directional light
  m_TagString: Untagged
  m_Icon: {fileID: 0}
  m_NavMeshLayer: 0
  m_StaticEditorFlags: 0
  m_IsActive: 1
--- !u!4 &1553861362
Transform:
  m_ObjectHideFlags: 0
  m_PrefabParentObject: {fileID: 0}
  m_PrefabInternal: {fileID: 0}
  m_GameObject: {fileID: 1553861361}
  m_LocalRotation: {x: .408217967, y: -.234569743, z: .109381683, w: .875426114}
  m_LocalPosition: {x: 5.84125519e-05, y: 6.35453987, z: 5.6045351}
  m_LocalScale: {x: 1, y: 1, z: 1}
  m_Children: []
  m_Father: {fileID: 330146167}
  m_RootOrder: 2
--- !u!108 &1553861363
Light:
  m_ObjectHideFlags: 0
  m_PrefabParentObject: {fileID: 0}
  m_PrefabInternal: {fileID: 0}
  m_GameObject: {fileID: 1553861361}
  m_Enabled: 1
  serializedVersion: 6
  m_Type: 1
  m_Color: {r: 1, g: 1, b: 1, a: 1}
  m_Intensity: 1
  m_Range: 10
  m_SpotAngle: 30
  m_CookieSize: 10
  m_Shadows:
    m_Type: 1
    m_Resolution: -1
    m_Strength: 1
    m_Bias: .800000012
    m_NormalBias: .400000006
  m_Cookie: {fileID: 0}
  m_DrawHalo: 0
  m_Flare: {fileID: 0}
  m_RenderMode: 0
  m_CullingMask:
    serializedVersion: 2
    m_Bits: 4294967295
  m_Lightmapping: 1
  m_BounceIntensity: 1
  m_ShadowRadius: 0
  m_ShadowAngle: 0
  m_AreaSize: {x: 1, y: 1}
--- !u!1 &1584540945
GameObject:
  m_ObjectHideFlags: 0
  m_PrefabParentObject: {fileID: 100002, guid: a12f5000fb6c24df9805e5eaddc33993, type: 2}
  m_PrefabInternal: {fileID: 0}
  serializedVersion: 4
  m_Component:
  - 4: {fileID: 1584540946}
  - 33: {fileID: 1584540949}
  - 23: {fileID: 1584540948}
  - 64: {fileID: 1584540947}
  m_Layer: 0
  m_Name: tile05_floor
  m_TagString: Untagged
  m_Icon: {fileID: 0}
  m_NavMeshLayer: 0
  m_StaticEditorFlags: 4294967295
  m_IsActive: 1
--- !u!4 &1584540946
Transform:
  m_ObjectHideFlags: 0
  m_PrefabParentObject: {fileID: 400002, guid: a12f5000fb6c24df9805e5eaddc33993, type: 2}
  m_PrefabInternal: {fileID: 0}
  m_GameObject: {fileID: 1584540945}
  m_LocalRotation: {x: -.707106829, y: 0, z: -0, w: .707106829}
  m_LocalPosition: {x: .000247955322, y: -11.6558571, z: -99.048111}
  m_LocalScale: {x: 1, y: 1, z: 1}
  m_Children: []
  m_Father: {fileID: 672127728}
  m_RootOrder: 0
--- !u!64 &1584540947
MeshCollider:
  m_ObjectHideFlags: 0
  m_PrefabParentObject: {fileID: 6400002, guid: a12f5000fb6c24df9805e5eaddc33993,
    type: 2}
  m_PrefabInternal: {fileID: 0}
  m_GameObject: {fileID: 1584540945}
  m_Material: {fileID: 13400000, guid: 5410a64fad11e8d6d00011d98d76c639, type: 2}
  m_IsTrigger: 0
  m_Enabled: 1
  serializedVersion: 2
  m_Convex: 0
  m_Mesh: {fileID: 4300002, guid: c9334b93843cc428bbb8b76084f12ef1, type: 3}
--- !u!23 &1584540948
MeshRenderer:
  m_ObjectHideFlags: 0
  m_PrefabParentObject: {fileID: 2300002, guid: a12f5000fb6c24df9805e5eaddc33993,
    type: 2}
  m_PrefabInternal: {fileID: 0}
  m_GameObject: {fileID: 1584540945}
  m_Enabled: 1
  m_CastShadows: 1
  m_ReceiveShadows: 1
  m_Materials:
  - {fileID: 2100000, guid: 5504b3f852abd4a9aba674539e4c876e, type: 2}
  m_SubsetIndices: 
  m_StaticBatchRoot: {fileID: 0}
  m_UseLightProbes: 0
  m_ReflectionProbeUsage: 1
  m_ProbeAnchor: {fileID: 0}
  m_ScaleInLightmap: 1
  m_PreserveUVs: 0
  m_ImportantGI: 0
  m_AutoUVMaxDistance: .5
  m_AutoUVMaxAngle: 89
  m_LightmapParameters: {fileID: 0}
  m_SortingLayerID: 0
  m_SortingOrder: 0
--- !u!33 &1584540949
MeshFilter:
  m_ObjectHideFlags: 0
  m_PrefabParentObject: {fileID: 3300002, guid: a12f5000fb6c24df9805e5eaddc33993,
    type: 2}
  m_PrefabInternal: {fileID: 0}
  m_GameObject: {fileID: 1584540945}
  m_Mesh: {fileID: 4300002, guid: c9334b93843cc428bbb8b76084f12ef1, type: 3}
--- !u!1 &1614236145
GameObject:
  m_ObjectHideFlags: 0
  m_PrefabParentObject: {fileID: 100040, guid: f8eb00a394ccb4c6997d3ed3c38c5d44, type: 2}
  m_PrefabInternal: {fileID: 0}
  serializedVersion: 4
  m_Component:
  - 4: {fileID: 1614236146}
  - 114: {fileID: 1614236147}
  m_Layer: 0
  m_Name: GameObject
  m_TagString: Untagged
  m_Icon: {fileID: 0}
  m_NavMeshLayer: 0
  m_StaticEditorFlags: 0
  m_IsActive: 1
--- !u!4 &1614236146
Transform:
  m_ObjectHideFlags: 0
  m_PrefabParentObject: {fileID: 400040, guid: f8eb00a394ccb4c6997d3ed3c38c5d44, type: 2}
  m_PrefabInternal: {fileID: 0}
  m_GameObject: {fileID: 1614236145}
  m_LocalRotation: {x: 0, y: 0, z: 0, w: 1}
  m_LocalPosition: {x: -.320649862, y: 0, z: 1.97733879}
  m_LocalScale: {x: 1, y: 1, z: 1}
  m_Children: []
  m_Father: {fileID: 827314094}
  m_RootOrder: 0
--- !u!114 &1614236147
MonoBehaviour:
  m_ObjectHideFlags: 0
  m_PrefabParentObject: {fileID: 11400022, guid: f8eb00a394ccb4c6997d3ed3c38c5d44,
    type: 2}
  m_PrefabInternal: {fileID: 0}
  m_GameObject: {fileID: 1614236145}
  m_Enabled: 1
  m_EditorHideFlags: 0
  m_Script: {fileID: 11500000, guid: fe243ea428d1d4326a6be04e96822218, type: 3}
  m_Name: 
  m_EditorClassIdentifier: 
  par: 4
--- !u!1 &1730280816
GameObject:
  m_ObjectHideFlags: 0
  m_PrefabParentObject: {fileID: 100000, guid: f8eb00a394ccb4c6997d3ed3c38c5d44, type: 2}
  m_PrefabInternal: {fileID: 0}
  serializedVersion: 4
  m_Component:
  - 4: {fileID: 1730280817}
  m_Layer: 0
  m_Name: Hole (1)
  m_TagString: Untagged
  m_Icon: {fileID: 0}
  m_NavMeshLayer: 0
  m_StaticEditorFlags: 0
  m_IsActive: 0
--- !u!4 &1730280817
Transform:
  m_ObjectHideFlags: 0
  m_PrefabParentObject: {fileID: 400000, guid: f8eb00a394ccb4c6997d3ed3c38c5d44, type: 2}
  m_PrefabInternal: {fileID: 0}
  m_GameObject: {fileID: 1730280816}
  m_LocalRotation: {x: 0, y: 0, z: 0, w: 1}
  m_LocalPosition: {x: 0, y: 0, z: 0}
  m_LocalScale: {x: 1, y: 1, z: 1}
  m_Children:
  - {fileID: 691268277}
  - {fileID: 1436774392}
  m_Father: {fileID: 330146167}
  m_RootOrder: 7
--- !u!1 &1786670349
GameObject:
  m_ObjectHideFlags: 0
  m_PrefabParentObject: {fileID: 100012, guid: 6d594cf13c24248169045688348f08a2, type: 2}
  m_PrefabInternal: {fileID: 0}
  serializedVersion: 4
  m_Component:
  - 4: {fileID: 1786670350}
  - 95: {fileID: 1786670351}
  m_Layer: 0
  m_Name: tile16
  m_TagString: Untagged
  m_Icon: {fileID: 0}
  m_NavMeshLayer: 0
  m_StaticEditorFlags: 4294967295
  m_IsActive: 1
--- !u!4 &1786670350
Transform:
  m_ObjectHideFlags: 0
  m_PrefabParentObject: {fileID: 400012, guid: 6d594cf13c24248169045688348f08a2, type: 2}
  m_PrefabInternal: {fileID: 0}
  m_GameObject: {fileID: 1786670349}
  m_LocalRotation: {x: 0, y: .707106888, z: 0, w: .707106769}
  m_LocalPosition: {x: 9.92360973, y: -2.20000029, z: -0}
  m_LocalScale: {x: .100000009, y: .100000001, z: .100000009}
  m_Children:
  - {fileID: 2080290889}
  m_Father: {fileID: 1319507918}
  m_RootOrder: 2
--- !u!95 &1786670351
Animator:
  serializedVersion: 3
  m_ObjectHideFlags: 0
  m_PrefabParentObject: {fileID: 9500002, guid: 6d594cf13c24248169045688348f08a2,
    type: 2}
  m_PrefabInternal: {fileID: 0}
  m_GameObject: {fileID: 1786670349}
  m_Enabled: 1
  m_Avatar: {fileID: 9000000, guid: 1adb387d0fe9b45488efd60a5bb687c0, type: 3}
  m_Controller: {fileID: 0}
  m_CullingMode: 1
  m_UpdateMode: 0
  m_ApplyRootMotion: 1
  m_LinearVelocityBlending: 0
  m_WarningMessage: 
  m_HasTransformHierarchy: 1
  m_AllowConstantClipSamplingOptimization: 1
--- !u!1 &1801645204
GameObject:
  m_ObjectHideFlags: 0
  m_PrefabParentObject: {fileID: 100036, guid: f8eb00a394ccb4c6997d3ed3c38c5d44, type: 2}
  m_PrefabInternal: {fileID: 0}
  serializedVersion: 4
  m_Component:
  - 4: {fileID: 1801645205}
  - 114: {fileID: 1801645206}
  m_Layer: 0
  m_Name: Startup
  m_TagString: Untagged
  m_Icon: {fileID: 0}
  m_NavMeshLayer: 0
  m_StaticEditorFlags: 0
  m_IsActive: 1
--- !u!4 &1801645205
Transform:
  m_ObjectHideFlags: 0
  m_PrefabParentObject: {fileID: 400036, guid: f8eb00a394ccb4c6997d3ed3c38c5d44, type: 2}
  m_PrefabInternal: {fileID: 0}
  m_GameObject: {fileID: 1801645204}
  m_LocalRotation: {x: 0, y: 0, z: 0, w: 1}
  m_LocalPosition: {x: 0, y: 0, z: 0}
  m_LocalScale: {x: 1, y: 1, z: 1}
  m_Children:
  - {fileID: 942953976}
  - {fileID: 1535862383}
  m_Father: {fileID: 827314094}
  m_RootOrder: 1
--- !u!114 &1801645206
MonoBehaviour:
  m_ObjectHideFlags: 0
  m_PrefabParentObject: {fileID: 11400010, guid: f8eb00a394ccb4c6997d3ed3c38c5d44,
    type: 2}
  m_PrefabInternal: {fileID: 0}
  m_GameObject: {fileID: 1801645204}
  m_Enabled: 1
  m_EditorHideFlags: 0
  m_Script: {fileID: 11500000, guid: 7931b9b253e434a9ca9552ce86d14215, type: 3}
  m_Name: 
  m_EditorClassIdentifier: 
  prefabDroid: {fileID: 100024, guid: 814b7bb61c62f4c46b0a1be359b5341e, type: 2}
  prefabIOS: {fileID: 100024, guid: fbf16c344d741495c9afdc3fb4ea9fb4, type: 2}
  prefab: {fileID: 100024, guid: 814b7bb61c62f4c46b0a1be359b5341e, type: 2}
--- !u!1 &1828917578
GameObject:
  m_ObjectHideFlags: 0
  m_PrefabParentObject: {fileID: 100028, guid: f8eb00a394ccb4c6997d3ed3c38c5d44, type: 2}
  m_PrefabInternal: {fileID: 0}
  serializedVersion: 4
  m_Component:
  - 4: {fileID: 1828917579}
  - 20: {fileID: 1828917581}
  - 92: {fileID: 1828917580}
  m_Layer: 0
  m_Name: Camera
  m_TagString: Untagged
  m_Icon: {fileID: 0}
  m_NavMeshLayer: 0
  m_StaticEditorFlags: 0
  m_IsActive: 1
--- !u!4 &1828917579
Transform:
  m_ObjectHideFlags: 0
  m_PrefabParentObject: {fileID: 400028, guid: f8eb00a394ccb4c6997d3ed3c38c5d44, type: 2}
  m_PrefabInternal: {fileID: 0}
  m_GameObject: {fileID: 1828917578}
  m_LocalRotation: {x: 2.38418579e-07, y: 0, z: 0, w: 1}
  m_LocalPosition: {x: 0, y: 0, z: 0}
  m_LocalScale: {x: 1, y: 1, z: 1}
  m_Children: []
  m_Father: {fileID: 942953976}
  m_RootOrder: 0
--- !u!92 &1828917580
Behaviour:
  m_ObjectHideFlags: 0
  m_PrefabParentObject: {fileID: 9200002, guid: f8eb00a394ccb4c6997d3ed3c38c5d44,
    type: 2}
  m_PrefabInternal: {fileID: 0}
  m_GameObject: {fileID: 1828917578}
  m_Enabled: 1
--- !u!20 &1828917581
Camera:
  m_ObjectHideFlags: 0
  m_PrefabParentObject: {fileID: 2000002, guid: f8eb00a394ccb4c6997d3ed3c38c5d44,
    type: 2}
  m_PrefabInternal: {fileID: 0}
  m_GameObject: {fileID: 1828917578}
  m_Enabled: 1
  serializedVersion: 2
  m_ClearFlags: 3
  m_BackGroundColor: {r: 1, g: 1, b: .474509805, a: .0196078438}
  m_NormalizedViewPortRect:
    serializedVersion: 2
    x: 0
    y: 0
    width: 1
    height: 1
  near clip plane: .300000012
  far clip plane: 1000
  field of view: 65
  orthographic: 0
  orthographic size: 100
  m_Depth: 1
  m_CullingMask:
    serializedVersion: 2
    m_Bits: 512
  m_RenderingPath: -1
  m_TargetTexture: {fileID: 0}
  m_TargetDisplay: 0
  m_TargetEye: 3
  m_HDR: 0
  m_OcclusionCulling: 1
  m_StereoConvergence: 10
  m_StereoSeparation: .0219999999
  m_StereoMirrorMode: 0
--- !u!1 &1881289695
GameObject:
  m_ObjectHideFlags: 0
  m_PrefabParentObject: {fileID: 100002, guid: 6d594cf13c24248169045688348f08a2, type: 2}
  m_PrefabInternal: {fileID: 0}
  serializedVersion: 4
  m_Component:
  - 4: {fileID: 1881289696}
  m_Layer: 9
  m_Name: TrailNode
  m_TagString: Untagged
  m_Icon: {fileID: 0}
  m_NavMeshLayer: 0
  m_StaticEditorFlags: 0
  m_IsActive: 1
--- !u!4 &1881289696
Transform:
  m_ObjectHideFlags: 0
  m_PrefabParentObject: {fileID: 400002, guid: 6d594cf13c24248169045688348f08a2, type: 2}
  m_PrefabInternal: {fileID: 0}
  m_GameObject: {fileID: 1881289695}
  m_LocalRotation: {x: 0, y: 1, z: 0, w: -1.62920685e-07}
  m_LocalPosition: {x: 0, y: 0, z: 0}
  m_LocalScale: {x: 10, y: 10, z: 10}
  m_Children:
  - {fileID: 2046099542}
  m_Father: {fileID: 2001197582}
  m_RootOrder: 0
--- !u!1 &1914138028
GameObject:
  m_ObjectHideFlags: 0
  m_PrefabParentObject: {fileID: 0}
  m_PrefabInternal: {fileID: 0}
  serializedVersion: 4
  m_Component:
  - 4: {fileID: 1914138029}
  m_Layer: 0
  m_Name: Tiles
  m_TagString: Untagged
  m_Icon: {fileID: 0}
  m_NavMeshLayer: 0
  m_StaticEditorFlags: 4294967295
  m_IsActive: 1
--- !u!4 &1914138029
Transform:
  m_ObjectHideFlags: 0
  m_PrefabParentObject: {fileID: 0}
  m_PrefabInternal: {fileID: 0}
  m_GameObject: {fileID: 1914138028}
  m_LocalRotation: {x: 0, y: 0, z: 0, w: 1}
  m_LocalPosition: {x: 0, y: 0, z: 0}
  m_LocalScale: {x: .100000001, y: .100000001, z: .100000001}
  m_Children:
  - {fileID: 672127728}
  - {fileID: 452800464}
  - {fileID: 1059259233}
  m_Father: {fileID: 330146167}
  m_RootOrder: 0
--- !u!1 &1974039229
GameObject:
  m_ObjectHideFlags: 0
  m_PrefabParentObject: {fileID: 100016, guid: f8eb00a394ccb4c6997d3ed3c38c5d44, type: 2}
  m_PrefabInternal: {fileID: 0}
  serializedVersion: 4
  m_Component:
  - 4: {fileID: 1974039230}
  - 20: {fileID: 1974039232}
  - 92: {fileID: 1974039231}
  m_Layer: 0
  m_Name: GUICamera
  m_TagString: Untagged
  m_Icon: {fileID: 0}
  m_NavMeshLayer: 0
  m_StaticEditorFlags: 0
  m_IsActive: 1
--- !u!4 &1974039230
Transform:
  m_ObjectHideFlags: 0
  m_PrefabParentObject: {fileID: 400016, guid: f8eb00a394ccb4c6997d3ed3c38c5d44, type: 2}
  m_PrefabInternal: {fileID: 0}
  m_GameObject: {fileID: 1974039229}
  m_LocalRotation: {x: 0, y: 0, z: 0, w: 1}
  m_LocalPosition: {x: 0, y: 0, z: 0}
  m_LocalScale: {x: 1, y: 1, z: 1}
  m_Children: []
  m_Father: {fileID: 1436774392}
  m_RootOrder: 1
--- !u!92 &1974039231
Behaviour:
  m_ObjectHideFlags: 0
  m_PrefabParentObject: {fileID: 9200000, guid: f8eb00a394ccb4c6997d3ed3c38c5d44,
    type: 2}
  m_PrefabInternal: {fileID: 0}
  m_GameObject: {fileID: 1974039229}
  m_Enabled: 1
--- !u!20 &1974039232
Camera:
  m_ObjectHideFlags: 0
  m_PrefabParentObject: {fileID: 2000000, guid: f8eb00a394ccb4c6997d3ed3c38c5d44,
    type: 2}
  m_PrefabInternal: {fileID: 0}
  m_GameObject: {fileID: 1974039229}
  m_Enabled: 1
  serializedVersion: 2
  m_ClearFlags: 3
  m_BackGroundColor: {r: 1, g: 1, b: .474509805, a: .0196078438}
  m_NormalizedViewPortRect:
    serializedVersion: 2
    x: 0
    y: 0
    width: 1
    height: 1
  near clip plane: .300000012
  far clip plane: 1000
  field of view: 65
  orthographic: 1
  orthographic size: 100
  m_Depth: 2
  m_CullingMask:
    serializedVersion: 2
    m_Bits: 2048
  m_RenderingPath: -1
  m_TargetTexture: {fileID: 0}
  m_TargetDisplay: 0
  m_TargetEye: 3
  m_HDR: 0
  m_OcclusionCulling: 1
  m_StereoConvergence: 10
  m_StereoSeparation: .0219999999
  m_StereoMirrorMode: 0
--- !u!1 &2001197581
GameObject:
  m_ObjectHideFlags: 0
  m_PrefabParentObject: {fileID: 100000, guid: 6d594cf13c24248169045688348f08a2, type: 2}
  m_PrefabInternal: {fileID: 0}
  serializedVersion: 4
  m_Component:
  - 4: {fileID: 2001197582}
  - 33: {fileID: 2001197589}
  - 23: {fileID: 2001197588}
  - 114: {fileID: 2001197587}
  - 54: {fileID: 2001197586}
  - 82: {fileID: 2001197585}
  - 135: {fileID: 2001197584}
  - 114: {fileID: 2001197583}
  m_Layer: 12
  m_Name: Ball
  m_TagString: Player
  m_Icon: {fileID: 0}
  m_NavMeshLayer: 0
  m_StaticEditorFlags: 0
  m_IsActive: 0
--- !u!4 &2001197582
Transform:
  m_ObjectHideFlags: 0
  m_PrefabParentObject: {fileID: 400004, guid: 6d594cf13c24248169045688348f08a2, type: 2}
  m_PrefabInternal: {fileID: 0}
  m_GameObject: {fileID: 2001197581}
  m_LocalRotation: {x: 0, y: 1, z: 0, w: -1.62920685e-07}
  m_LocalPosition: {x: 2.46174335, y: 4.1545372, z: -.971549988}
  m_LocalScale: {x: 1, y: 1, z: 1}
  m_Children:
  - {fileID: 1881289696}
  m_Father: {fileID: 1319507918}
  m_RootOrder: 1
--- !u!114 &2001197583
MonoBehaviour:
  m_ObjectHideFlags: 0
  m_PrefabParentObject: {fileID: 11400000, guid: 6d594cf13c24248169045688348f08a2,
    type: 2}
  m_PrefabInternal: {fileID: 0}
  m_GameObject: {fileID: 2001197581}
  m_Enabled: 1
  m_EditorHideFlags: 0
  m_Script: {fileID: 11500000, guid: a2816d47e7d2d493dab89bbbc033df60, type: 3}
  m_Name: 
  m_EditorClassIdentifier: 
  volScalar: 1
  useUpdate: 1
--- !u!135 &2001197584
SphereCollider:
  m_ObjectHideFlags: 0
  m_PrefabParentObject: {fileID: 13500000, guid: 6d594cf13c24248169045688348f08a2,
    type: 2}
  m_PrefabInternal: {fileID: 0}
  m_GameObject: {fileID: 2001197581}
  m_Material: {fileID: 13400000, guid: cbc45ef4418608e43a58b4b4d3afff3e, type: 2}
  m_IsTrigger: 0
  m_Enabled: 1
  serializedVersion: 2
  m_Radius: .213
  m_Center: {x: 0, y: 0, z: 0}
--- !u!82 &2001197585
AudioSource:
  m_ObjectHideFlags: 0
  m_PrefabParentObject: {fileID: 8200000, guid: 6d594cf13c24248169045688348f08a2,
    type: 2}
  m_PrefabInternal: {fileID: 0}
  m_GameObject: {fileID: 2001197581}
  m_Enabled: 1
  serializedVersion: 4
  OutputAudioMixerGroup: {fileID: 0}
  m_audioClip: {fileID: 0}
  m_PlayOnAwake: 0
  m_Volume: 1
  m_Pitch: 1
  Loop: 0
  Mute: 0
  Spatialize: 0
  Priority: 128
  DopplerLevel: 1
  MinDistance: 1
  MaxDistance: 500
  Pan2D: 0
  rolloffMode: 2
  BypassEffects: 0
  BypassListenerEffects: 0
  BypassReverbZones: 0
  rolloffCustomCurve:
    serializedVersion: 2
    m_Curve:
    - time: 0
      value: 1
      inSlope: 7.00649232e-43
      outSlope: 4.62427991e-36
      tangentMode: 0
    - time: .000200000009
      value: 1
      inSlope: 0
      outSlope: 0
      tangentMode: 0
    - time: .000400000019
      value: 1
      inSlope: 0
      outSlope: 0
      tangentMode: 0
    - time: .000800000038
      value: 1
      inSlope: 0
      outSlope: 0
      tangentMode: 0
    - time: .00160000008
      value: 1
      inSlope: 0
      outSlope: 0
      tangentMode: 0
    - time: .00320000015
      value: .943396211
      inSlope: -45.1818085
      outSlope: -43.8380966
      tangentMode: 0
    - time: .0064000003
      value: .819672108
      inSlope: -34.4980507
      outSlope: -32.7344971
      tangentMode: 0
    - time: .0128000006
      value: .649350643
      inSlope: -21.996954
      outSlope: -20.2415962
      tangentMode: 0
    - time: .0256000012
      value: .458715588
      inSlope: -11.1772795
      outSlope: -9.93751431
      tangentMode: 0
    - time: .0512000024
      value: .289017349
      inSlope: -4.51025534
      outSlope: -3.88882446
      tangentMode: 0
    - time: .102400005
      value: .166112959
      inSlope: -1.50792325
      outSlope: -1.2715317
      tangentMode: 0
    - time: .20480001
      value: .0897666067
      inSlope: -.443686068
      outSlope: -.368984908
      tangentMode: 0
    - time: .409600019
      value: .0467726849
      inSlope: -.120972067
      outSlope: -.0998222232
      tangentMode: 0
    - time: .819200039
      value: .0238891542
      inSlope: -.0316295177
      outSlope: -.0259913355
      tangentMode: 0
    - time: 1
      value: .0196463652
      inSlope: 7.00649232e-43
      outSlope: 4.62427991e-36
      tangentMode: 0
    m_PreInfinity: 2
    m_PostInfinity: 2
  panLevelCustomCurve:
    serializedVersion: 2
    m_Curve:
    - time: 0
      value: 1
      inSlope: 0
      outSlope: 0
      tangentMode: 0
    m_PreInfinity: 2
    m_PostInfinity: 2
  spreadCustomCurve:
    serializedVersion: 2
    m_Curve:
    - time: 0
      value: 0
      inSlope: 0
      outSlope: 0
      tangentMode: 0
    m_PreInfinity: 2
    m_PostInfinity: 2
  reverbZoneMixCustomCurve:
    serializedVersion: 2
    m_Curve:
    - time: 0
      value: 1
      inSlope: 0
      outSlope: 0
      tangentMode: 0
    m_PreInfinity: 2
    m_PostInfinity: 2
--- !u!54 &2001197586
Rigidbody:
  m_ObjectHideFlags: 0
  m_PrefabParentObject: {fileID: 5400000, guid: 6d594cf13c24248169045688348f08a2,
    type: 2}
  m_PrefabInternal: {fileID: 0}
  m_GameObject: {fileID: 2001197581}
  serializedVersion: 2
  m_Mass: 3.83999991
  m_Drag: .100000001
  m_AngularDrag: .100000001
  m_UseGravity: 1
  m_IsKinematic: 0
  m_Interpolate: 1
  m_Constraints: 0
  m_CollisionDetection: 1
--- !u!114 &2001197587
MonoBehaviour:
  m_ObjectHideFlags: 0
  m_PrefabParentObject: {fileID: 11400002, guid: 6d594cf13c24248169045688348f08a2,
    type: 2}
  m_PrefabInternal: {fileID: 0}
  m_GameObject: {fileID: 2001197581}
  m_Enabled: 1
  m_EditorHideFlags: 0
  m_Script: {fileID: 11500000, guid: 2d8a28e8d7bcd4f38a64fc3fca23a649, type: 3}
  m_Name: 
  m_EditorClassIdentifier: 
  fireButtonTex: {fileID: 0}
  initalMode: 2
  m_ballMode: 0
  rotateSpeed: 10
  minPower: .0125000002
  maxPower: 1
  powerScale: .100000001
  m_currentPower: .5
  ballForce: 2200
  fallTime: 2
  minRollTime: 1.20000005
  maxRollTime: 5
  minVelocity: 1.5
  minAngularVelocity: 1
  requiredStoppedTime: .150000006
  greenTex: {fileID: 0}
  redTex: {fileID: 0}
  wallHitAC: {fileID: 0}
  strokeAC: {fileID: 0}
  slowDownDrag: 1
  slowDownAngularDrag: .5
  useSuperBounce: 0
  wallBoostTime: 1
  wallBoostScalar: 4
  ballPhysicsMat: {fileID: 0}
  onTeeSpeed: 4
  teeBounds: {x: -2, y: 2, z: -1, w: 1}
  onWallHitGO: {fileID: 0}
  onWaterHitGO: {fileID: 0}
  birdsEye: {fileID: 0}
  powerSpeedChange: 10
  repeatButtonGS:
    m_Name: 
    m_Normal:
      m_Background: {fileID: 0}
      m_TextColor: {r: 0, g: 0, b: 0, a: 1}
    m_Hover:
      m_Background: {fileID: 0}
      m_TextColor: {r: 0, g: 0, b: 0, a: 1}
    m_Active:
      m_Background: {fileID: 0}
      m_TextColor: {r: 0, g: 0, b: 0, a: 1}
    m_Focused:
      m_Background: {fileID: 0}
      m_TextColor: {r: 0, g: 0, b: 0, a: 1}
    m_OnNormal:
      m_Background: {fileID: 0}
      m_TextColor: {r: 0, g: 0, b: 0, a: 1}
    m_OnHover:
      m_Background: {fileID: 0}
      m_TextColor: {r: 0, g: 0, b: 0, a: 1}
    m_OnActive:
      m_Background: {fileID: 0}
      m_TextColor: {r: 0, g: 0, b: 0, a: 1}
    m_OnFocused:
      m_Background: {fileID: 0}
      m_TextColor: {r: 0, g: 0, b: 0, a: 1}
    m_Border:
      m_Left: 0
      m_Right: 0
      m_Top: 0
      m_Bottom: 0
    m_Margin:
      m_Left: 0
      m_Right: 0
      m_Top: 0
      m_Bottom: 0
    m_Padding:
      m_Left: 0
      m_Right: 0
      m_Top: 0
      m_Bottom: 0
    m_Overflow:
      m_Left: 0
      m_Right: 0
      m_Top: 0
      m_Bottom: 0
    m_Font: {fileID: 0}
    m_FontSize: 0
    m_FontStyle: 0
    m_Alignment: 0
    m_WordWrap: 0
    m_RichText: 1
    m_TextClipping: 0
    m_ImagePosition: 0
    m_ContentOffset: {x: 0, y: 0}
    m_FixedWidth: 0
    m_FixedHeight: 0
    m_StretchWidth: 1
    m_StretchHeight: 0
  aimDisabled: 0
--- !u!23 &2001197588
MeshRenderer:
  m_ObjectHideFlags: 0
  m_PrefabParentObject: {fileID: 2300002, guid: 6d594cf13c24248169045688348f08a2,
    type: 2}
  m_PrefabInternal: {fileID: 0}
  m_GameObject: {fileID: 2001197581}
  m_Enabled: 1
  m_CastShadows: 0
  m_ReceiveShadows: 1
  m_Materials:
  - {fileID: 2100000, guid: d3443ac707f3e5347a390c0eda90c81a, type: 2}
  m_SubsetIndices: 
  m_StaticBatchRoot: {fileID: 0}
  m_UseLightProbes: 0
  m_ReflectionProbeUsage: 1
  m_ProbeAnchor: {fileID: 0}
  m_ScaleInLightmap: 1
  m_PreserveUVs: 0
  m_ImportantGI: 0
  m_AutoUVMaxDistance: .5
  m_AutoUVMaxAngle: 89
  m_LightmapParameters: {fileID: 0}
  m_SortingLayerID: 0
  m_SortingOrder: 0
--- !u!33 &2001197589
MeshFilter:
  m_ObjectHideFlags: 0
  m_PrefabParentObject: {fileID: 3300002, guid: 6d594cf13c24248169045688348f08a2,
    type: 2}
  m_PrefabInternal: {fileID: 0}
  m_GameObject: {fileID: 2001197581}
  m_Mesh: {fileID: 4300000, guid: 08feb961463a3534fac0e17a47ff75a9, type: 3}
--- !u!1 &2007462300
GameObject:
  m_ObjectHideFlags: 0
  m_PrefabParentObject: {fileID: 100002, guid: 6d594cf13c24248169045688348f08a2, type: 2}
  m_PrefabInternal: {fileID: 0}
  serializedVersion: 4
  m_Component:
  - 4: {fileID: 2007462301}
  m_Layer: 9
  m_Name: TrailNode
  m_TagString: Untagged
  m_Icon: {fileID: 0}
  m_NavMeshLayer: 0
  m_StaticEditorFlags: 0
  m_IsActive: 1
--- !u!4 &2007462301
Transform:
  m_ObjectHideFlags: 0
  m_PrefabParentObject: {fileID: 400002, guid: 6d594cf13c24248169045688348f08a2, type: 2}
  m_PrefabInternal: {fileID: 0}
  m_GameObject: {fileID: 2007462300}
  m_LocalRotation: {x: 0, y: 1, z: 0, w: -1.62920685e-07}
  m_LocalPosition: {x: 0, y: 0, z: 0}
  m_LocalScale: {x: 10, y: 10, z: 10}
  m_Children:
  - {fileID: 201471970}
  m_Father: {fileID: 45929540}
  m_RootOrder: 0
--- !u!1 &2046099541
GameObject:
  m_ObjectHideFlags: 0
  m_PrefabParentObject: {fileID: 100004, guid: 6d594cf13c24248169045688348f08a2, type: 2}
  m_PrefabInternal: {fileID: 0}
  serializedVersion: 4
  m_Component:
  - 4: {fileID: 2046099542}
  - 33: {fileID: 2046099544}
  - 23: {fileID: 2046099543}
  m_Layer: 9
  m_Name: Trail
  m_TagString: Untagged
  m_Icon: {fileID: 0}
  m_NavMeshLayer: 0
  m_StaticEditorFlags: 0
  m_IsActive: 1
--- !u!4 &2046099542
Transform:
  m_ObjectHideFlags: 0
  m_PrefabParentObject: {fileID: 400000, guid: 6d594cf13c24248169045688348f08a2, type: 2}
  m_PrefabInternal: {fileID: 0}
  m_GameObject: {fileID: 2046099541}
  m_LocalRotation: {x: 0, y: 0, z: 0, w: 1}
  m_LocalPosition: {x: 0, y: 0, z: 0}
  m_LocalScale: {x: 1, y: 1, z: 1}
  m_Children: []
  m_Father: {fileID: 1881289696}
  m_RootOrder: 0
--- !u!23 &2046099543
MeshRenderer:
  m_ObjectHideFlags: 0
  m_PrefabParentObject: {fileID: 2300000, guid: 6d594cf13c24248169045688348f08a2,
    type: 2}
  m_PrefabInternal: {fileID: 0}
  m_GameObject: {fileID: 2046099541}
  m_Enabled: 1
  m_CastShadows: 0
  m_ReceiveShadows: 0
  m_Materials:
  - {fileID: 2100000, guid: d42af26cdf5fb824ba87127b4508e285, type: 2}
  m_SubsetIndices: 
  m_StaticBatchRoot: {fileID: 0}
  m_UseLightProbes: 0
  m_ReflectionProbeUsage: 1
  m_ProbeAnchor: {fileID: 0}
  m_ScaleInLightmap: 1
  m_PreserveUVs: 0
  m_ImportantGI: 0
  m_AutoUVMaxDistance: .5
  m_AutoUVMaxAngle: 89
  m_LightmapParameters: {fileID: 0}
  m_SortingLayerID: 0
  m_SortingOrder: 0
--- !u!33 &2046099544
MeshFilter:
  m_ObjectHideFlags: 0
  m_PrefabParentObject: {fileID: 3300000, guid: 6d594cf13c24248169045688348f08a2,
    type: 2}
  m_PrefabInternal: {fileID: 0}
  m_GameObject: {fileID: 2046099541}
  m_Mesh: {fileID: 4300000, guid: 291b818cfd83d41469b45ba189b3bd88, type: 3}
--- !u!1 &2080290888
GameObject:
  m_ObjectHideFlags: 0
  m_PrefabParentObject: {fileID: 100008, guid: 6d594cf13c24248169045688348f08a2, type: 2}
  m_PrefabInternal: {fileID: 0}
  serializedVersion: 4
  m_Component:
  - 4: {fileID: 2080290889}
  - 33: {fileID: 2080290892}
  - 23: {fileID: 2080290891}
  - 64: {fileID: 2080290890}
  m_Layer: 0
  m_Name: tile16_floor
  m_TagString: Untagged
  m_Icon: {fileID: 0}
  m_NavMeshLayer: 0
  m_StaticEditorFlags: 4294967295
  m_IsActive: 1
--- !u!4 &2080290889
Transform:
  m_ObjectHideFlags: 0
  m_PrefabParentObject: {fileID: 400008, guid: 6d594cf13c24248169045688348f08a2, type: 2}
  m_PrefabInternal: {fileID: 0}
  m_GameObject: {fileID: 2080290888}
  m_LocalRotation: {x: -.707106829, y: 0, z: -0, w: .707106829}
  m_LocalPosition: {x: -2.65737958e-06, y: 17.961977, z: -99.2361069}
  m_LocalScale: {x: 1, y: 1, z: 1}
  m_Children: []
  m_Father: {fileID: 1786670350}
  m_RootOrder: 0
--- !u!64 &2080290890
MeshCollider:
  m_ObjectHideFlags: 0
  m_PrefabParentObject: {fileID: 6400000, guid: 6d594cf13c24248169045688348f08a2,
    type: 2}
  m_PrefabInternal: {fileID: 0}
  m_GameObject: {fileID: 2080290888}
  m_Material: {fileID: 13400000, guid: 5410a64fad11e8d6d00011d98d76c639, type: 2}
  m_IsTrigger: 0
  m_Enabled: 1
  serializedVersion: 2
  m_Convex: 0
  m_Mesh: {fileID: 4300002, guid: 1adb387d0fe9b45488efd60a5bb687c0, type: 3}
--- !u!23 &2080290891
MeshRenderer:
  m_ObjectHideFlags: 0
  m_PrefabParentObject: {fileID: 2300004, guid: 6d594cf13c24248169045688348f08a2,
    type: 2}
  m_PrefabInternal: {fileID: 0}
  m_GameObject: {fileID: 2080290888}
  m_Enabled: 1
  m_CastShadows: 1
  m_ReceiveShadows: 1
  m_Materials:
  - {fileID: 2100000, guid: 5504b3f852abd4a9aba674539e4c876e, type: 2}
  m_SubsetIndices: 
  m_StaticBatchRoot: {fileID: 0}
  m_UseLightProbes: 0
  m_ReflectionProbeUsage: 1
  m_ProbeAnchor: {fileID: 0}
  m_ScaleInLightmap: 1
  m_PreserveUVs: 0
  m_ImportantGI: 0
  m_AutoUVMaxDistance: .5
  m_AutoUVMaxAngle: 89
  m_LightmapParameters: {fileID: 0}
  m_SortingLayerID: 0
  m_SortingOrder: 0
--- !u!33 &2080290892
MeshFilter:
  m_ObjectHideFlags: 0
  m_PrefabParentObject: {fileID: 3300004, guid: 6d594cf13c24248169045688348f08a2,
    type: 2}
  m_PrefabInternal: {fileID: 0}
  m_GameObject: {fileID: 2080290888}
  m_Mesh: {fileID: 4300002, guid: 1adb387d0fe9b45488efd60a5bb687c0, type: 3}
--- !u!1 &2089308702
GameObject:
  m_ObjectHideFlags: 0
  m_PrefabParentObject: {fileID: 100018, guid: 6d594cf13c24248169045688348f08a2, type: 2}
  m_PrefabInternal: {fileID: 0}
  serializedVersion: 4
  m_Component:
  - 4: {fileID: 2089308703}
  - 33: {fileID: 2089308706}
  - 23: {fileID: 2089308705}
  - 64: {fileID: 2089308704}
  m_Layer: 0
  m_Name: tile20_floor
  m_TagString: Untagged
  m_Icon: {fileID: 0}
  m_NavMeshLayer: 0
  m_StaticEditorFlags: 4294967295
  m_IsActive: 1
--- !u!4 &2089308703
Transform:
  m_ObjectHideFlags: 0
  m_PrefabParentObject: {fileID: 400018, guid: 6d594cf13c24248169045688348f08a2, type: 2}
  m_PrefabInternal: {fileID: 0}
  m_GameObject: {fileID: 2089308702}
  m_LocalRotation: {x: -.707106829, y: 0, z: -0, w: .707106829}
  m_LocalPosition: {x: -2.65737958e-06, y: 17.961977, z: -99.2361069}
  m_LocalScale: {x: 1, y: 1, z: 1}
  m_Children: []
  m_Father: {fileID: 1124633924}
  m_RootOrder: 0
--- !u!64 &2089308704
MeshCollider:
  m_ObjectHideFlags: 0
  m_PrefabParentObject: {fileID: 6400006, guid: 6d594cf13c24248169045688348f08a2,
    type: 2}
  m_PrefabInternal: {fileID: 0}
  m_GameObject: {fileID: 2089308702}
  m_Material: {fileID: 13400000, guid: 5410a64fad11e8d6d00011d98d76c639, type: 2}
  m_IsTrigger: 0
  m_Enabled: 1
  serializedVersion: 2
  m_Convex: 0
  m_Mesh: {fileID: 4300002, guid: 8c19ff53c398941b58f3e74cd19822c3, type: 3}
--- !u!23 &2089308705
MeshRenderer:
  m_ObjectHideFlags: 0
  m_PrefabParentObject: {fileID: 2300010, guid: 6d594cf13c24248169045688348f08a2,
    type: 2}
  m_PrefabInternal: {fileID: 0}
  m_GameObject: {fileID: 2089308702}
  m_Enabled: 1
  m_CastShadows: 1
  m_ReceiveShadows: 1
  m_Materials:
  - {fileID: 2100000, guid: 2948463c79a4940d6b65346e5b534c68, type: 2}
  m_SubsetIndices: 
  m_StaticBatchRoot: {fileID: 0}
  m_UseLightProbes: 0
  m_ReflectionProbeUsage: 1
  m_ProbeAnchor: {fileID: 0}
  m_ScaleInLightmap: 1
  m_PreserveUVs: 0
  m_ImportantGI: 0
  m_AutoUVMaxDistance: .5
  m_AutoUVMaxAngle: 89
  m_LightmapParameters: {fileID: 0}
  m_SortingLayerID: 0
  m_SortingOrder: 0
--- !u!33 &2089308706
MeshFilter:
  m_ObjectHideFlags: 0
  m_PrefabParentObject: {fileID: 3300010, guid: 6d594cf13c24248169045688348f08a2,
    type: 2}
  m_PrefabInternal: {fileID: 0}
  m_GameObject: {fileID: 2089308702}
  m_Mesh: {fileID: 4300002, guid: 8c19ff53c398941b58f3e74cd19822c3, type: 3}
